{"id": "gen9ou-2532441142", "format": "[Gen 9] OU", "players": ["ALL CHUNG", "Chrisnwobu"], "log": "|j|\u2606ALL CHUNG\n|j|\u2606Chrisnwobu\n|t:|1770176901\n|gametype|singles\n|player|p1|ALL CHUNG|crasherwake|1253\n|player|p2|Chrisnwobu|skier|1238\n|gen|9\n|tier|[Gen 9] OU\n|rated|\n|rule|HP Percentage Mod: HP is shown in percentages\n|rule|Endless Battle Clause: Forcing endless battles is banned\n|rule|Species Clause: Limit one of each Pok\u00e9mon\n|rule|OHKO Clause: OHKO moves are banned\n|rule|Evasion Items Clause: Evasion items are banned\n|rule|Evasion Moves Clause: Evasion moves are banned\n|rule|Evasion Abilities Clause: Evasion abilities are banned\n|rule|Sleep Moves Clause: Sleep-inducing moves are banned\n|clearpoke\n|poke|p1|Gliscor, M|\n|poke|p1|Gholdengo|\n|poke|p1|Zamazenta-*|\n|poke|p1|Blissey, F|\n|poke|p1|Skarmory, F|\n|poke|p1|Pecharunt|\n|poke|p2|Clodsire, M|\n|poke|p2|Corviknight, F|\n|poke|p2|Primarina, M|\n|poke|p2|Kingambit, F|\n|poke|p2|Dragapult, M|\n|poke|p2|Zamazenta-*|\n|teampreview\n|inactive|Battle timer is ON: inactive players will automatically lose when time's up. (requested by ALL CHUNG)\n|j| CHUNGMIGHT\n|\n|t:|1770176911\n|teamsize|p1|6\n|teamsize|p2|6\n|start\n|switch|p1a: Skarmory|Skarmory, F|100/100\n|switch|p2a: Primarina|Primarina, M|100/100\n|turn|1\n|\n|t:|1770176922\n|switch|p1a: Blissey|Blissey, F|100/100\n|move|p2a: Primarina|Psychic Noise|p1a: Blissey\n|-damage|p1a: Blissey|89/100\n|-start|p1a: Blissey|move: Heal Block\n|\n|upkeep\n|turn|2\n|\n|t:|1770176935\n|move|p2a: Primarina|Flip Turn|p1a: Blissey\n|-damage|p1a: Blissey|73/100\n|\n|t:|1770176952\n|switch|p2a: Kingambit|Kingambit, F|100/100|[from] Flip Turn\n|move|p1a: Blissey|Stealth Rock|p2a: Kingambit\n|-sidestart|p2: Chrisnwobu|move: Stealth Rock\n|\n|-end|p1a: Blissey|move: Heal Block\n|upkeep\n|turn|3\n|\n|t:|1770176965\n|switch|p1a: Skarmory|Skarmory, F|100/100\n|move|p2a: Kingambit|Kowtow Cleave|p1a: Skarmory\n|-damage|p1a: Skarmory|61/100\n|\n|upkeep\n|turn|4\n|\n|t:|1770176980\n|move|p1a: Skarmory|Roost|p1a: Skarmory\n|-heal|p1a: Skarmory|100/100\n|-singleturn|p1a: Skarmory|move: Roost\n|move|p2a: Kingambit|Swords Dance|p2a: Kingambit\n|-boost|p2a: Kingambit|atk|2\n|\n|upkeep\n|turn|5\n|\n|t:|1770176995\n|move|p1a: Skarmory|Body Press|p2a: Kingambit\n|-supereffective|p2a: Kingambit\n|-damage|p2a: Kingambit|17/100\n|move|p2a: Kingambit|Kowtow Cleave|p1a: Skarmory\n|-damage|p1a: Skarmory|28/100\n|\n|upkeep\n|turn|6\n|\n|t:|1770177012\n|-terastallize|p2a: Kingambit|Flying\n|move|p1a: Skarmory|Body Press|p2a: Kingambit\n|-resisted|p2a: Kingambit\n|-damage|p2a: Kingambit|5/100\n|move|p2a: Kingambit|Kowtow Cleave|p1a: Skarmory\n|-damage|p1a: Skarmory|0 fnt\n|faint|p1a: Skarmory\n|\n|upkeep\n|inactive|ALL CHUNG has 120 seconds left.\n|\n|t:|1770177029\n|switch|p1a: Gliscor|Gliscor, M|100/100\n|turn|7\n|inactive|ALL CHUNG has 120 seconds left.\n|\n|t:|1770177044\n|move|p2a: Kingambit|Sucker Punch|p1a: Gliscor\n|-damage|p1a: Gliscor|18/100\n|move|p1a: Gliscor|Knock Off|p2a: Kingambit\n|-damage|p2a: Kingambit|0 fnt\n|-enditem|p2a: Kingambit|Black Glasses|[from] move: Knock Off|[of] p1a: Gliscor\n|faint|p2a: Kingambit\n|-end|p2a: Kingambit|fallenundefined|[silent]\n|\n|-status|p1a: Gliscor|tox|[from] item: Toxic Orb\n|upkeep\n|\n|t:|1770177063\n|switch|p2a: Primarina|Primarina, M|100/100\n|-damage|p2a: Primarina|88/100|[from] Stealth Rock\n|turn|8\n|inactive|ALL CHUNG has 120 seconds left.\n|\n|t:|1770177073\n|move|p1a: Gliscor|Protect|p1a: Gliscor\n|-singleturn|p1a: Gliscor|Protect\n|move|p2a: Primarina|Psychic Noise|p1a: Gliscor\n|-activate|p1a: Gliscor|move: Protect\n|\n|-heal|p1a: Gliscor|30/100 tox|[from] ability: Poison Heal\n|upkeep\n|turn|9\n|inactive|ALL CHUNG has 120 seconds left.\n|\n|t:|1770177084\n|switch|p1a: Pecharunt|Pecharunt|100/100\n|move|p2a: Primarina|Flip Turn|p1a: Pecharunt\n|-damage|p1a: Pecharunt|93/100\n|\n|t:|1770177088\n|switch|p2a: Dragapult|Dragapult, M|100/100|[from] Flip Turn\n|-damage|p2a: Dragapult|88/100|[from] Stealth Rock\n|\n|upkeep\n|turn|10\n|\n|t:|1770177098\n|switch|p1a: Blissey|Blissey, F|73/100\n|move|p2a: Dragapult|Shadow Ball|p1a: Blissey\n|-immune|p1a: Blissey\n|\n|upkeep\n|turn|11\n|\n|t:|1770177109\n|switch|p2a: Zamazenta|Zamazenta|100/100\n|-damage|p2a: Zamazenta|94/100|[from] Stealth Rock\n|-ability|p2a: Zamazenta|Dauntless Shield|boost\n|-boost|p2a: Zamazenta|def|1\n|move|p1a: Blissey|Soft-Boiled|p1a: Blissey\n|-heal|p1a: Blissey|100/100\n|\n|-heal|p2a: Zamazenta|100/100|[from] item: Leftovers\n|upkeep\n|turn|12\n|inactive|Chrisnwobu has 120 seconds left.\n|inactive|Chrisnwobu has 90 seconds left.\n|inactive|Chrisnwobu has 60 seconds left.\n|inactive|Chrisnwobu has 30 seconds left.\n|inactive|Chrisnwobu has 20 seconds left.\n|inactive|Chrisnwobu has 15 seconds left.\n|\n|t:|1770177245\n|switch|p1a: Pecharunt|Pecharunt|93/100\n|move|p2a: Zamazenta|Crunch|p1a: Pecharunt\n|-supereffective|p1a: Pecharunt\n|-damage|p1a: Pecharunt|74/100\n|\n|upkeep\n|turn|13\n|inactive|Chrisnwobu has 25 seconds left this turn.\n|\n|t:|1770177257\n|move|p2a: Zamazenta|Crunch|p1a: Pecharunt\n|-supereffective|p1a: Pecharunt\n|-damage|p1a: Pecharunt|54/100\n|move|p1a: Pecharunt|Parting Shot|p2a: Zamazenta\n|-unboost|p2a: Zamazenta|atk|1\n|-unboost|p2a: Zamazenta|spa|1\n|inactive|ALL CHUNG has 120 seconds left.\n|\n|t:|1770177268\n|switch|p1a: Gliscor|Gliscor, M|30/100 tox|[from] Parting Shot\n|\n|-heal|p1a: Gliscor|43/100 tox|[from] ability: Poison Heal\n|upkeep\n|turn|14\n|inactive|ALL CHUNG has 120 seconds left.\n|inactive|Chrisnwobu has 30 seconds left.\n|inactive|Chrisnwobu has 20 seconds left.\n|inactive|Chrisnwobu has 15 seconds left.\n|inactive|Chrisnwobu has 10 seconds left.\n|inactive|Chrisnwobu has 5 seconds left.\n|-message|Chrisnwobu lost due to inactivity.\n|\n|win|ALL CHUNG\n|raw|ALL CHUNG's rating: 1307 &rarr; <strong>1323</strong><br />(+16 for winning)\n|raw|Chrisnwobu's rating: 1238 &rarr; <strong>1218</strong><br />(-20 for losing)\n|c|\u2606ALL CHUNG|gg\n|c|\u2606ALL CHUNG|ttv/mfabso\n", "uploadtime": 1770177310, "views": 4, "formatid": "gen9ou", "rating": 1218, "private": 0, "password": null}