{"id": "gen9ou-2532449077", "format": "[Gen 9] OU", "players": ["ALL CHUNG", "anyone222"], "log": "|j|\u2606ALL CHUNG\n|j|\u2606anyone222\n|t:|1770178041\n|gametype|singles\n|player|p1|ALL CHUNG|crasherwake|1326\n|player|p2|anyone222|169|1389\n|gen|9\n|tier|[Gen 9] OU\n|rated|\n|rule|HP Percentage Mod: HP is shown in percentages\n|rule|Endless Battle Clause: Forcing endless battles is banned\n|rule|Species Clause: Limit one of each Pok\u00e9mon\n|rule|OHKO Clause: OHKO moves are banned\n|rule|Evasion Items Clause: Evasion items are banned\n|rule|Evasion Moves Clause: Evasion moves are banned\n|rule|Evasion Abilities Clause: Evasion abilities are banned\n|rule|Sleep Moves Clause: Sleep-inducing moves are banned\n|clearpoke\n|poke|p1|Corviknight, M|\n|poke|p1|Ting-Lu|\n|poke|p1|Kyurem|\n|poke|p1|Dondozo, F|\n|poke|p1|Slowking-Galar, F|\n|poke|p1|Cinderace, M|\n|poke|p2|Ogerpon-Wellspring, F|\n|poke|p2|Kingambit, F|\n|poke|p2|Landorus-Therian, M|\n|poke|p2|Tornadus-Therian, M|\n|poke|p2|Dragonite, M|\n|poke|p2|Iron Valiant|\n|teampreview\n|inactive|Battle timer is ON: inactive players will automatically lose when time's up. (requested by ALL CHUNG)\n|j| CHUNGMIGHT\n|\n|t:|1770178055\n|teamsize|p1|6\n|teamsize|p2|6\n|start\n|switch|p1a: Cinderace|Cinderace, M|100/100\n|switch|p2a: Reaper|Iron Valiant, shiny|100/100\n|-enditem|p2a: Reaper|Booster Energy\n|-activate|p2a: Reaper|ability: Quark Drive|[fromitem]\n|-start|p2a: Reaper|quarkdrivespe\n|turn|1\n|\n|t:|1770178066\n|move|p2a: Reaper|Aura Sphere|p1a: Cinderace\n|-damage|p1a: Cinderace|52/100\n|move|p1a: Cinderace|Pyro Ball|p2a: Reaper\n|-damage|p2a: Reaper|35/100\n|\n|upkeep\n|turn|2\n|\n|t:|1770178078\n|switch|p1a: Slowking|Slowking-Galar, F|100/100\n|move|p2a: Reaper|Aura Sphere|p1a: Slowking\n|-resisted|p1a: Slowking\n|-damage|p1a: Slowking|93/100\n|\n|upkeep\n|turn|3\n|\n|t:|1770178090\n|move|p2a: Reaper|Charge Beam|p1a: Slowking\n|-damage|p1a: Slowking|79/100\n|-boost|p2a: Reaper|spa|1\n|move|p1a: Slowking|Ice Beam|p2a: Reaper\n|-damage|p2a: Reaper|0 fnt\n|faint|p2a: Reaper\n|-end|p2a: Reaper|Quark Drive|[silent]\n|\n|upkeep\n|\n|t:|1770178096\n|switch|p2a: Godert|Landorus-Therian, M, shiny|100/100\n|-ability|p2a: Godert|Intimidate|boost\n|-unboost|p1a: Slowking|atk|1\n|turn|4\n|\n|t:|1770178107\n|-terastallize|p2a: Godert|Fairy\n|move|p2a: Godert|Stealth Rock|p1a: Slowking\n|-sidestart|p1: ALL CHUNG|move: Stealth Rock\n|-prepare|p1a: Slowking|Chilly Reception|[premajor]\n|move|p1a: Slowking|Chilly Reception|p1a: Slowking\n|-weather|Snowscape\n|\n|t:|1770178118\n|switch|p1a: Kyurem|Kyurem|100/100|[from] Chilly Reception\n|-damage|p1a: Kyurem|75/100|[from] Stealth Rock\n|-ability|p1a: Kyurem|Pressure\n|\n|-weather|Snowscape|[upkeep]\n|-heal|p1a: Kyurem|82/100|[from] item: Leftovers\n|upkeep\n|turn|5\n|\n|t:|1770178133\n|move|p1a: Kyurem|Freeze-Dry|p2a: Godert\n|-damage|p2a: Godert|61/100\n|move|p2a: Godert|Earthquake|p1a: Kyurem\n|-damage|p1a: Kyurem|48/100\n|\n|-weather|Snowscape|[upkeep]\n|-heal|p1a: Kyurem|54/100|[from] item: Leftovers\n|-heal|p2a: Godert|67/100|[from] item: Leftovers\n|upkeep\n|turn|6\n|\n|t:|1770178151\n|move|p1a: Kyurem|Freeze-Dry|p2a: Godert\n|-damage|p2a: Godert|23/100\n|move|p2a: Godert|Swords Dance|p2a: Godert\n|-boost|p2a: Godert|atk|2\n|\n|-weather|Snowscape|[upkeep]\n|-heal|p1a: Kyurem|60/100|[from] item: Leftovers\n|-heal|p2a: Godert|29/100|[from] item: Leftovers\n|upkeep\n|turn|7\n|inactive|ALL CHUNG has 120 seconds left.\n|\n|t:|1770178166\n|move|p1a: Kyurem|Freeze-Dry|p2a: Godert\n|-damage|p2a: Godert|0 fnt\n|faint|p2a: Godert\n|\n|-weather|Snowscape|[upkeep]\n|-heal|p1a: Kyurem|66/100|[from] item: Leftovers\n|upkeep\n|\n|t:|1770178181\n|switch|p2a: Master Splinter|Kingambit, F, shiny|100/100\n|-activate|p2a: Master Splinter|ability: Supreme Overlord\n|-start|p2a: Master Splinter|fallen2|[silent]\n|turn|8\n|inactive|ALL CHUNG has 120 seconds left.\n|\n|t:|1770178197\n|-terastallize|p1a: Kyurem|Ground\n|move|p1a: Kyurem|Earth Power|p2a: Master Splinter\n|-supereffective|p2a: Master Splinter\n|-damage|p2a: Master Splinter|10/100\n|move|p2a: Master Splinter|Swords Dance|p2a: Master Splinter\n|-boost|p2a: Master Splinter|atk|2\n|\n|-weather|none\n|-heal|p1a: Kyurem|72/100|[from] item: Leftovers\n|-heal|p2a: Master Splinter|16/100|[from] item: Leftovers\n|upkeep\n|turn|9\n|inactive|ALL CHUNG has 120 seconds left.\n|\n|t:|1770178217\n|move|p2a: Master Splinter|Sucker Punch|p1a: Kyurem\n|-damage|p1a: Kyurem|0 fnt\n|faint|p1a: Kyurem\n|\n|-heal|p2a: Master Splinter|23/100|[from] item: Leftovers\n|upkeep\n|\n|t:|1770178234\n|switch|p1a: Cinderace|Cinderace, M|52/100\n|turn|10\n|\n|t:|1770178250\n|move|p1a: Cinderace|Pyro Ball|p2a: Master Splinter\n|-supereffective|p2a: Master Splinter\n|-damage|p2a: Master Splinter|0 fnt\n|faint|p2a: Master Splinter\n|-end|p2a: Master Splinter|fallen2|[silent]\n|\n|upkeep\n|\n|t:|1770178253\n|switch|p2a: Haku|Ogerpon-Wellspring, F|100/100\n|turn|11\n|\n|t:|1770178271\n|move|p1a: Cinderace|U-turn|p2a: Haku\n|-supereffective|p2a: Haku\n|-damage|p2a: Haku|53/100\n|inactive|ALL CHUNG has 90 seconds left.\n|\n|t:|1770178286\n|switch|p1a: Corviknight|Corviknight, M|100/100|[from] U-turn\n|-damage|p1a: Corviknight|88/100|[from] Stealth Rock\n|-ability|p1a: Corviknight|Pressure\n|move|p2a: Haku|Trailblaze|p1a: Corviknight\n|-resisted|p1a: Corviknight\n|-damage|p1a: Corviknight|84/100\n|-boost|p2a: Haku|spe|1\n|-damage|p2a: Haku|37/100|[from] item: Rocky Helmet|[of] p1a: Corviknight\n|\n|upkeep\n|turn|12\n|inactive|ALL CHUNG has 90 seconds left.\n|\n|t:|1770178303\n|move|p2a: Haku|Ivy Cudgel|p1a: Corviknight|[anim] Ivy Cudgel Water\n|-damage|p1a: Corviknight|47/100\n|move|p1a: Corviknight|U-turn|p2a: Haku\n|-supereffective|p2a: Haku\n|-damage|p2a: Haku|0 fnt\n|faint|p2a: Haku\n|\n|t:|1770178318\n|switch|p1a: Slowking|Slowking-Galar, F|100/100|[from] U-turn\n|-damage|p1a: Slowking|88/100|[from] Stealth Rock\n|\n|upkeep\n|\n|t:|1770178321\n|switch|p2a: Fluff|Dragonite, M, shiny|100/100\n|turn|13\n|\n|t:|1770178332\n|move|p2a: Fluff|Earthquake|p1a: Slowking\n|-supereffective|p1a: Slowking\n|-enditem|p1a: Slowking|Shuca Berry|[eat]\n|-enditem|p1a: Slowking|Shuca Berry|[weaken]\n|-damage|p1a: Slowking|54/100\n|-damage|p2a: Fluff|91/100|[from] item: Life Orb\n|move|p1a: Slowking|Ice Beam|p2a: Fluff\n|-supereffective|p2a: Fluff\n|-damage|p2a: Fluff|0 fnt\n|faint|p2a: Fluff\n|\n|upkeep\n|\n|t:|1770178339\n|switch|p2a: Tornadus|Tornadus-Therian, M|100/100\n|turn|14\n|inactive|ALL CHUNG has 90 seconds left.\n|\n|t:|1770178351\n|move|p2a: Tornadus|Hurricane|p1a: Slowking|[miss]\n|-miss|p2a: Tornadus|p1a: Slowking\n|move|p1a: Slowking|Sludge Bomb|p2a: Tornadus\n|-damage|p2a: Tornadus|61/100\n|\n|upkeep\n|turn|15\n|inactive|ALL CHUNG has 90 seconds left.\n|\n|t:|1770178362\n|switch|p1a: Ting-Lu|Ting-Lu|100/100\n|-damage|p1a: Ting-Lu|94/100|[from] Stealth Rock\n|-ability|p1a: Ting-Lu|Vessel of Ruin\n|move|p2a: Tornadus|Hurricane|p1a: Ting-Lu\n|-damage|p1a: Ting-Lu|71/100\n|-start|p1a: Ting-Lu|confusion\n|\n|-heal|p1a: Ting-Lu|77/100|[from] item: Leftovers\n|upkeep\n|turn|16\n|inactive|ALL CHUNG has 90 seconds left.\n|\n|t:|1770178373\n|move|p2a: Tornadus|Nasty Plot|p2a: Tornadus\n|-boost|p2a: Tornadus|spa|2\n|-activate|p1a: Ting-Lu|confusion\n|move|p1a: Ting-Lu|Payback|p2a: Tornadus\n|-damage|p2a: Tornadus|8/100\n|\n|-heal|p1a: Ting-Lu|83/100|[from] item: Leftovers\n|upkeep\n|turn|17\n|inactive|ALL CHUNG has 90 seconds left.\n|\n|t:|1770178386\n|move|p2a: Tornadus|Hurricane|p1a: Ting-Lu\n|-damage|p1a: Ting-Lu|35/100\n|-activate|p1a: Ting-Lu|confusion\n|-damage|p1a: Ting-Lu|29/100|[from] confusion\n|\n|-heal|p1a: Ting-Lu|36/100|[from] item: Leftovers\n|upkeep\n|turn|18\n|inactive|ALL CHUNG has 90 seconds left.\n|\n|t:|1770178401\n|move|p2a: Tornadus|Hurricane|p1a: Ting-Lu\n|-damage|p1a: Ting-Lu|0 fnt\n|faint|p1a: Ting-Lu\n|\n|upkeep\n|c|\u2606anyone222|i mean no shot but lowky 1% chance is there\n|\n|t:|1770178414\n|switch|p1a: Cinderace|Cinderace, M|52/100\n|turn|19\n|\n|t:|1770178423\n|move|p2a: Tornadus|Hurricane|p1a: Cinderace\n|-damage|p1a: Cinderace|0 fnt\n|faint|p1a: Cinderace\n|\n|upkeep\n|\n|t:|1770178437\n|switch|p1a: Corviknight|Corviknight, M|47/100\n|-damage|p1a: Corviknight|35/100|[from] Stealth Rock\n|-ability|p1a: Corviknight|Pressure\n|turn|20\n|\n|t:|1770178448\n|move|p2a: Tornadus|Hurricane|p1a: Corviknight|[miss]\n|-miss|p2a: Tornadus|p1a: Corviknight\n|move|p1a: Corviknight|U-turn|p2a: Tornadus\n|-resisted|p2a: Tornadus\n|-damage|p2a: Tornadus|0 fnt\n|faint|p2a: Tornadus\n|\n|win|ALL CHUNG\n|raw|ALL CHUNG's rating: 1342 &rarr; <strong>1365</strong><br />(+23 for winning)\n|raw|anyone222's rating: 1389 &rarr; <strong>1366</strong><br />(-23 for losing)\n|c|\u2606ALL CHUNG|gg\n|c|\u2606ALL CHUNG|ttv/mfabso\n", "uploadtime": 1770178450, "views": 3, "formatid": "gen9ou", "rating": 1365, "private": 0, "password": null}