{"id": "gen9ou-2532459372", "format": "[Gen 9] OU", "players": ["Memeboizz", "ALL CHUNG"], "log": "|j|\u2606Memeboizz\n|j|\u2606ALL CHUNG\n|t:|1770179584\n|gametype|singles\n|player|p1|Memeboizz|marlon|1364\n|player|p2|ALL CHUNG|crasherwake|1388\n|gen|9\n|tier|[Gen 9] OU\n|rated|\n|rule|HP Percentage Mod: HP is shown in percentages\n|rule|Endless Battle Clause: Forcing endless battles is banned\n|rule|Species Clause: Limit one of each Pok\u00e9mon\n|rule|OHKO Clause: OHKO moves are banned\n|rule|Evasion Items Clause: Evasion items are banned\n|rule|Evasion Moves Clause: Evasion moves are banned\n|rule|Evasion Abilities Clause: Evasion abilities are banned\n|rule|Sleep Moves Clause: Sleep-inducing moves are banned\n|clearpoke\n|poke|p1|Crawdaunt, F|\n|poke|p1|Scizor, M|\n|poke|p1|Rotom-Heat|\n|poke|p1|Rabsca, F|\n|poke|p1|Clawitzer, M|\n|poke|p1|Malamar, M|\n|poke|p2|Gliscor, M|\n|poke|p2|Gholdengo|\n|poke|p2|Zamazenta-*|\n|poke|p2|Blissey, F|\n|poke|p2|Skarmory, M|\n|poke|p2|Pecharunt|\n|teampreview\n|inactive|Battle timer is ON: inactive players will automatically lose when time's up. (requested by ALL CHUNG)\n|\n|t:|1770179589\n|teamsize|p1|6\n|teamsize|p2|6\n|start\n|switch|p1a: Malamar|Malamar, M|100/100\n|switch|p2a: Skarmory|Skarmory, M|100/100\n|turn|1\n|j| CHUNGMIGHT\n|\n|t:|1770179600\n|move|p2a: Skarmory|Spikes|p1a: Malamar\n|-sidestart|p1: Memeboizz|Spikes\n|move|p1a: Malamar|Trick Room|p1a: Malamar\n|-fieldstart|move: Trick Room|[of] p1a: Malamar\n|\n|upkeep\n|turn|2\n|\n|t:|1770179611\n|move|p1a: Malamar|Superpower|p2a: Skarmory\n|-damage|p2a: Skarmory|77/100\n|-boost|p1a: Malamar|atk|1\n|-boost|p1a: Malamar|def|1\n|move|p2a: Skarmory|Spikes|p1a: Malamar\n|-sidestart|p1: Memeboizz|Spikes\n|\n|upkeep\n|turn|3\n|\n|t:|1770179629\n|move|p1a: Malamar|Foul Play|p2a: Skarmory\n|-damage|p2a: Skarmory|64/100\n|move|p2a: Skarmory|Spikes|p1a: Malamar\n|-sidestart|p1: Memeboizz|Spikes\n|\n|upkeep\n|turn|4\n|\n|t:|1770179645\n|switch|p2a: Gholdengo|Gholdengo|100/100\n|move|p1a: Malamar|Superpower|p2a: Gholdengo\n|-immune|p2a: Gholdengo\n|\n|upkeep\n|turn|5\n|\n|t:|1770179665\n|-terastallize|p2a: Gholdengo|Fairy\n|move|p1a: Malamar|Destiny Bond|p1a: Malamar\n|-singlemove|p1a: Malamar|Destiny Bond\n|move|p2a: Gholdengo|Nasty Plot|p2a: Gholdengo\n|-boost|p2a: Gholdengo|spa|2\n|\n|-fieldend|move: Trick Room\n|upkeep\n|turn|6\n|inactive|ALL CHUNG has 120 seconds left.\n|\n|t:|1770179680\n|move|p2a: Gholdengo|Hex|p1a: Malamar\n|-damage|p1a: Malamar|40/100\n|move|p1a: Malamar|Trick Room|p1a: Malamar\n|-fieldstart|move: Trick Room|[of] p1a: Malamar\n|\n|upkeep\n|turn|7\n|inactive|ALL CHUNG has 120 seconds left.\n|\n|t:|1770179698\n|switch|p1a: 2nd amendment|Clawitzer, M, shiny|100/100\n|-damage|p1a: 2nd amendment|76/100|[from] Spikes\n|move|p2a: Gholdengo|Hex|p1a: 2nd amendment\n|-damage|p1a: 2nd amendment|18/100\n|\n|upkeep\n|turn|8\n|inactive|ALL CHUNG has 120 seconds left.\n|\n|t:|1770179715\n|switch|p2a: Blissey|Blissey, F|100/100\n|move|p1a: 2nd amendment|Sludge Bomb|p2a: Blissey\n|-damage|p2a: Blissey|88/100\n|-damage|p1a: 2nd amendment|9/100|[from] item: Life Orb\n|\n|upkeep\n|turn|9\n|\n|t:|1770179726\n|move|p2a: Blissey|Stealth Rock|p1a: 2nd amendment\n|-sidestart|p1: Memeboizz|move: Stealth Rock\n|move|p1a: 2nd amendment|Aura Sphere|p2a: Blissey\n|-supereffective|p2a: Blissey\n|-damage|p2a: Blissey|52/100\n|-damage|p1a: 2nd amendment|0 fnt|[from] item: Life Orb\n|faint|p1a: 2nd amendment\n|\n|upkeep\n|\n|t:|1770179728\n|switch|p1a: Metal claw fishing|Scizor, M|100/100\n|turn|10\n|inactive|ALL CHUNG has 120 seconds left.\n|\n|t:|1770179739\n|switch|p2a: Skarmory|Skarmory, M|64/100\n|move|p1a: Metal claw fishing|Defog|p2a: Skarmory\n|-unboost|p2a: Skarmory|evasion|1\n|-sideend|p1: Memeboizz|Spikes|[from] move: Defog|[of] p1a: Metal claw fishing\n|-sideend|p1: Memeboizz|Stealth Rock|[from] move: Defog|[of] p1a: Metal claw fishing\n|\n|-fieldend|move: Trick Room\n|upkeep\n|turn|11\n|inactive|ALL CHUNG has 120 seconds left.\n|\n|t:|1770179750\n|switch|p1a: Malamar|Malamar, M|40/100\n|move|p2a: Skarmory|Roost|p2a: Skarmory\n|-heal|p2a: Skarmory|100/100\n|-singleturn|p2a: Skarmory|move: Roost\n|\n|upkeep\n|turn|12\n|inactive|ALL CHUNG has 120 seconds left.\n|\n|t:|1770179761\n|move|p2a: Skarmory|Body Press|p1a: Malamar\n|-damage|p1a: Malamar|7/100\n|move|p1a: Malamar|Trick Room|p1a: Malamar\n|-fieldstart|move: Trick Room|[of] p1a: Malamar\n|\n|upkeep\n|turn|13\n|inactive|ALL CHUNG has 120 seconds left.\n|\n|t:|1770179773\n|move|p1a: Malamar|Destiny Bond|p1a: Malamar\n|-singlemove|p1a: Malamar|Destiny Bond\n|move|p2a: Skarmory|Spikes|p1a: Malamar\n|-sidestart|p1: Memeboizz|Spikes\n|\n|upkeep\n|turn|14\n|inactive|ALL CHUNG has 120 seconds left.\n|\n|t:|1770179783\n|switch|p2a: Gliscor|Gliscor, M|100/100\n|move|p1a: Malamar|Destiny Bond||[still]\n|-fail|p1a: Malamar\n|\n|-status|p2a: Gliscor|tox|[from] item: Toxic Orb\n|upkeep\n|turn|15\n|inactive|ALL CHUNG has 120 seconds left.\n|\n|t:|1770179794\n|switch|p2a: Pecharunt|Pecharunt|100/100\n|move|p1a: Malamar|Destiny Bond|p1a: Malamar\n|-singlemove|p1a: Malamar|Destiny Bond\n|\n|upkeep\n|turn|16\n|inactive|ALL CHUNG has 120 seconds left.\n|\n|t:|1770179807\n|move|p1a: Malamar|Foul Play|p2a: Pecharunt\n|-supereffective|p2a: Pecharunt\n|-damage|p2a: Pecharunt|80/100\n|move|p2a: Pecharunt|Toxic|p1a: Malamar\n|-status|p1a: Malamar|tox\n|-start|p1a: Malamar|confusion|[from] ability: Poison Puppeteer|[of] p2a: Pecharunt\n|\n|-damage|p1a: Malamar|1/100 tox|[from] psn\n|-fieldend|move: Trick Room\n|upkeep\n|turn|17\n|inactive|ALL CHUNG has 120 seconds left.\n|\n|t:|1770179819\n|move|p2a: Pecharunt|Recover|p2a: Pecharunt\n|-heal|p2a: Pecharunt|100/100\n|-activate|p1a: Malamar|confusion\n|-damage|p1a: Malamar|0 fnt|[from] confusion\n|faint|p1a: Malamar\n|\n|upkeep\n|\n|t:|1770179822\n|switch|p1a: Metal claw fishing|Scizor, M|100/100\n|turn|18\n|inactive|ALL CHUNG has 120 seconds left.\n|\n|t:|1770179833\n|move|p2a: Pecharunt|Shadow Ball|p1a: Metal claw fishing\n|-damage|p1a: Metal claw fishing|63/100\n|-unboost|p1a: Metal claw fishing|spd|1\n|move|p1a: Metal claw fishing|Defog|p2a: Pecharunt\n|-unboost|p2a: Pecharunt|evasion|1\n|-sideend|p1: Memeboizz|Spikes|[from] move: Defog|[of] p1a: Metal claw fishing\n|\n|upkeep\n|turn|19\n|inactive|ALL CHUNG has 120 seconds left.\n|\n|t:|1770179847\n|move|p2a: Pecharunt|Shadow Ball|p1a: Metal claw fishing\n|-damage|p1a: Metal claw fishing|10/100\n|-unboost|p1a: Metal claw fishing|spd|1\n|move|p1a: Metal claw fishing|Dual Wingbeat|p2a: Pecharunt\n|-damage|p2a: Pecharunt|89/100\n|-damage|p2a: Pecharunt|79/100\n|-hitcount|p2a: Pecharunt|2\n|\n|upkeep\n|turn|20\n|inactive|ALL CHUNG has 120 seconds left.\n|\n|t:|1770179865\n|move|p1a: Metal claw fishing|Bullet Punch|p2a: Pecharunt\n|-damage|p2a: Pecharunt|64/100\n|move|p2a: Pecharunt|Shadow Ball|p1a: Metal claw fishing\n|-damage|p1a: Metal claw fishing|0 fnt\n|faint|p1a: Metal claw fishing\n|\n|upkeep\n|\n|t:|1770179868\n|switch|p1a: My sweeper\ud83e\udd40\ud83e\udd40|Rabsca, F|100/100\n|turn|21\n|inactive|ALL CHUNG has 120 seconds left.\n|\n|t:|1770179884\n|move|p2a: Pecharunt|Toxic|p1a: My sweeper\ud83e\udd40\ud83e\udd40\n|-status|p1a: My sweeper\ud83e\udd40\ud83e\udd40|tox\n|-start|p1a: My sweeper\ud83e\udd40\ud83e\udd40|confusion|[from] ability: Poison Puppeteer|[of] p2a: Pecharunt\n|-activate|p1a: My sweeper\ud83e\udd40\ud83e\udd40|ability: Synchronize\n|-immune|p2a: Pecharunt\n|-activate|p1a: My sweeper\ud83e\udd40\ud83e\udd40|confusion\n|move|p1a: My sweeper\ud83e\udd40\ud83e\udd40|Trick Room|p1a: My sweeper\ud83e\udd40\ud83e\udd40\n|-fieldstart|move: Trick Room|[of] p1a: My sweeper\ud83e\udd40\ud83e\udd40\n|\n|-damage|p1a: My sweeper\ud83e\udd40\ud83e\udd40|94/100 tox|[from] psn\n|upkeep\n|turn|22\n|inactive|ALL CHUNG has 120 seconds left.\n|\n|t:|1770179900\n|-activate|p1a: My sweeper\ud83e\udd40\ud83e\udd40|confusion\n|move|p1a: My sweeper\ud83e\udd40\ud83e\udd40|Memento|p2a: Pecharunt\n|-unboost|p2a: Pecharunt|atk|2\n|-unboost|p2a: Pecharunt|spa|2\n|faint|p1a: My sweeper\ud83e\udd40\ud83e\udd40\n|move|p2a: Pecharunt|Shadow Ball|p1: My sweeper\ud83e\udd40\ud83e\udd40|[notarget]\n|-fail|p2a: Pecharunt\n|\n|upkeep\n|\n|t:|1770179906\n|switch|p1a: Mr Craw|Crawdaunt, F|100/100\n|turn|23\n|inactive|ALL CHUNG has 120 seconds left.\n|\n|t:|1770179916\n|switch|p2a: Zamazenta|Zamazenta|100/100\n|-ability|p2a: Zamazenta|Dauntless Shield|boost\n|-boost|p2a: Zamazenta|def|1\n|move|p1a: Mr Craw|Swords Dance|p1a: Mr Craw\n|-boost|p1a: Mr Craw|atk|2\n|\n|upkeep\n|turn|24\n|inactive|ALL CHUNG has 120 seconds left.\n|\n|t:|1770179936\n|switch|p1a: Pu Chi yu|Rotom-Heat|100/100\n|move|p2a: Zamazenta|Close Combat|p1a: Pu Chi yu\n|-damage|p1a: Pu Chi yu|35/100\n|-unboost|p2a: Zamazenta|def|1\n|-unboost|p2a: Zamazenta|spd|1\n|\n|upkeep\n|turn|25\n|\n|t:|1770179952\n|move|p1a: Pu Chi yu|Thunderbolt|p2a: Zamazenta\n|-damage|p2a: Zamazenta|16/100\n|-status|p2a: Zamazenta|par\n|move|p2a: Zamazenta|Close Combat|p1a: Pu Chi yu\n|-damage|p1a: Pu Chi yu|0 fnt\n|-unboost|p2a: Zamazenta|def|1\n|-unboost|p2a: Zamazenta|spd|1\n|faint|p1a: Pu Chi yu\n|\n|-fieldend|move: Trick Room\n|upkeep\n|\n|t:|1770179955\n|switch|p1a: Mr Craw|Crawdaunt, F|100/100\n|turn|26\n|\n|t:|1770179970\n|move|p1a: Mr Craw|Aqua Jet|p2a: Zamazenta\n|-damage|p2a: Zamazenta|0 fnt\n|faint|p2a: Zamazenta\n|-damage|p1a: Mr Craw|91/100|[from] item: Life Orb\n|\n|upkeep\n|\n|t:|1770179987\n|switch|p2a: Skarmory|Skarmory, M|100/100\n|turn|27\n|\n|t:|1770180020\n|-terastallize|p1a: Mr Craw|Ground\n|move|p2a: Skarmory|Body Press|p1a: Mr Craw\n|-damage|p1a: Mr Craw|53/100\n|move|p1a: Mr Craw|Swords Dance|p1a: Mr Craw\n|-boost|p1a: Mr Craw|atk|2\n|\n|upkeep\n|turn|28\n|\n|t:|1770180038\n|move|p2a: Skarmory|Body Press|p1a: Mr Craw\n|-damage|p1a: Mr Craw|16/100\n|move|p1a: Mr Craw|Crabhammer|p2a: Skarmory\n|-damage|p2a: Skarmory|14/100\n|-damage|p1a: Mr Craw|6/100|[from] item: Life Orb\n|\n|upkeep\n|turn|29\n|\n|t:|1770180052\n|move|p1a: Mr Craw|Aqua Jet|p2a: Skarmory\n|-damage|p2a: Skarmory|0 fnt\n|faint|p2a: Skarmory\n|-damage|p1a: Mr Craw|0 fnt|[from] item: Life Orb\n|faint|p1a: Mr Craw\n|\n|win|ALL CHUNG\n|raw|Memeboizz's rating: 1364 &rarr; <strong>1344</strong><br />(-20 for losing)\n|raw|ALL CHUNG's rating: 1369 &rarr; <strong>1389</strong><br />(+20 for winning)\n|c|\u2606ALL CHUNG|gg\n|c|\u2606ALL CHUNG|ttv/mfabso\n", "uploadtime": 1770180054, "views": 7, "formatid": "gen9ou", "rating": 1344, "private": 0, "password": null}