{"id": "gen9ou-2532447663", "format": "[Gen 9] OU", "players": ["DoublesIsForLames", "ALL CHUNG"], "log": "|j|\u2606DoublesIsForLames\n|j|\u2606ALL CHUNG\n|t:|1770177833\n|gametype|singles\n|player|p1|DoublesIsForLames|benga|1258\n|player|p2|ALL CHUNG|crasherwake|1305\n|gen|9\n|tier|[Gen 9] OU\n|rated|\n|rule|HP Percentage Mod: HP is shown in percentages\n|rule|Endless Battle Clause: Forcing endless battles is banned\n|rule|Species Clause: Limit one of each Pok\u00e9mon\n|rule|OHKO Clause: OHKO moves are banned\n|rule|Evasion Items Clause: Evasion items are banned\n|rule|Evasion Moves Clause: Evasion moves are banned\n|rule|Evasion Abilities Clause: Evasion abilities are banned\n|rule|Sleep Moves Clause: Sleep-inducing moves are banned\n|clearpoke\n|poke|p1|Decidueye, M|\n|poke|p1|Incineroar, M|\n|poke|p1|Primarina, M|\n|poke|p1|Araquanid, M|\n|poke|p1|Mimikyu, M|\n|poke|p1|Mudsdale, M|\n|poke|p2|Gliscor, M|\n|poke|p2|Gholdengo|\n|poke|p2|Zamazenta-*|\n|poke|p2|Blissey, F|\n|poke|p2|Skarmory, F|\n|poke|p2|Pecharunt|\n|teampreview\n|inactive|Battle timer is ON: inactive players will automatically lose when time's up. (requested by ALL CHUNG)\n|j| CHUNGMIGHT\n|\n|t:|1770177863\n|teamsize|p1|6\n|teamsize|p2|6\n|start\n|switch|p1a: Primarina|Primarina, M|100/100\n|switch|p2a: Skarmory|Skarmory, F|100/100\n|turn|1\n|\n|t:|1770177874\n|switch|p2a: Blissey|Blissey, F|100/100\n|move|p1a: Primarina|Hydro Pump|p2a: Blissey\n|-damage|p2a: Blissey|72/100\n|\n|upkeep\n|turn|2\n|\n|t:|1770177889\n|switch|p1a: Decidueye|Decidueye, M, shiny|100/100\n|move|p2a: Blissey|Stealth Rock|p1a: Decidueye\n|-sidestart|p1: DoublesIsForLames|move: Stealth Rock\n|\n|upkeep\n|turn|3\n|\n|t:|1770177900\n|switch|p2a: Gliscor|Gliscor, M|100/100\n|move|p1a: Decidueye|Knock Off|p2a: Gliscor\n|-damage|p2a: Gliscor|85/100\n|-enditem|p2a: Gliscor|Toxic Orb|[from] move: Knock Off|[of] p1a: Decidueye\n|\n|upkeep\n|turn|4\n|\n|t:|1770177912\n|move|p1a: Decidueye|Leaf Storm|p2a: Gliscor\n|-damage|p2a: Gliscor|37/100\n|-unboost|p1a: Decidueye|spa|2\n|move|p2a: Gliscor|Swords Dance|p2a: Gliscor\n|-boost|p2a: Gliscor|atk|2\n|\n|upkeep\n|turn|5\n|\n|t:|1770177935\n|move|p1a: Decidueye|Leaf Storm|p2a: Gliscor\n|-damage|p2a: Gliscor|10/100\n|-unboost|p1a: Decidueye|spa|2\n|move|p2a: Gliscor|Knock Off|p1a: Decidueye\n|-supereffective|p1a: Decidueye\n|-damage|p1a: Decidueye|0 fnt\n|-enditem|p1a: Decidueye|Assault Vest|[from] move: Knock Off|[of] p2a: Gliscor\n|faint|p1a: Decidueye\n|\n|upkeep\n|\n|t:|1770177939\n|switch|p1a: Mimikyu|Mimikyu, M, shiny|100/100\n|-damage|p1a: Mimikyu|88/100|[from] Stealth Rock\n|turn|6\n|\n|t:|1770177955\n|move|p1a: Mimikyu|Trailblaze|p2a: Gliscor\n|-damage|p2a: Gliscor|0 fnt\n|-boost|p1a: Mimikyu|spe|1\n|faint|p2a: Gliscor\n|-damage|p1a: Mimikyu|78/100|[from] item: Life Orb\n|\n|upkeep\n|\n|t:|1770177971\n|switch|p2a: Pecharunt|Pecharunt|100/100\n|turn|7\n|inactive|ALL CHUNG has 120 seconds left.\n|\n|t:|1770177987\n|move|p1a: Mimikyu|Swords Dance|p1a: Mimikyu\n|-boost|p1a: Mimikyu|atk|2\n|move|p2a: Pecharunt|Shadow Ball|p1a: Mimikyu\n|-activate|p1a: Mimikyu|ability: Disguise\n|-damage|p1a: Mimikyu|78/100\n|detailschange|p1a: Mimikyu|Mimikyu-Busted, M, shiny\n|-damage|p1a: Mimikyu|66/100|[from] pokemon: Mimikyu-Busted\n|\n|upkeep\n|turn|8\n|inactive|ALL CHUNG has 120 seconds left.\n|\n|t:|1770178002\n|move|p1a: Mimikyu|Shadow Claw|p2a: Pecharunt\n|-supereffective|p2a: Pecharunt\n|-damage|p2a: Pecharunt|31/100\n|-damage|p1a: Mimikyu|56/100|[from] item: Life Orb\n|move|p2a: Pecharunt|Shadow Ball|p1a: Mimikyu\n|-supereffective|p1a: Mimikyu\n|-damage|p1a: Mimikyu|0 fnt\n|faint|p1a: Mimikyu\n|\n|upkeep\n|\n|t:|1770178009\n|switch|p1a: Incineroar|Incineroar, M|100/100\n|-ability|p1a: Incineroar|Intimidate|boost\n|-unboost|p2a: Pecharunt|atk|1\n|turn|9\n|inactive|ALL CHUNG has 120 seconds left.\n|\n|t:|1770178021\n|move|p2a: Pecharunt|Recover|p2a: Pecharunt\n|-heal|p2a: Pecharunt|81/100\n|move|p1a: Incineroar|Knock Off|p2a: Pecharunt\n|-supereffective|p2a: Pecharunt\n|-damage|p2a: Pecharunt|37/100\n|-enditem|p2a: Pecharunt|Heavy-Duty Boots|[from] move: Knock Off|[of] p1a: Incineroar\n|\n|upkeep\n|turn|10\n|inactive|ALL CHUNG has 120 seconds left.\n|\n|t:|1770178039\n|move|p2a: Pecharunt|Recover|p2a: Pecharunt\n|-heal|p2a: Pecharunt|87/100\n|move|p1a: Incineroar|Parting Shot|p2a: Pecharunt\n|-unboost|p2a: Pecharunt|atk|1\n|-unboost|p2a: Pecharunt|spa|1\n|\n|t:|1770178047\n|switch|p1a: Primarina|Primarina, M|100/100|[from] Parting Shot\n|-damage|p1a: Primarina|88/100|[from] Stealth Rock\n|\n|upkeep\n|turn|11\n|\n|t:|1770178058\n|move|p2a: Pecharunt|Parting Shot|p1a: Primarina\n|-unboost|p1a: Primarina|atk|1\n|-unboost|p1a: Primarina|spa|1\n|inactive|ALL CHUNG has 120 seconds left.\n|\n|t:|1770178069\n|switch|p2a: Blissey|Blissey, F|72/100|[from] Parting Shot\n|move|p1a: Primarina|Hydro Pump|p2a: Blissey\n|-damage|p2a: Blissey|53/100\n|\n|upkeep\n|turn|12\n|inactive|ALL CHUNG has 120 seconds left.\n|\n|t:|1770178080\n|switch|p1a: Araquanid|Araquanid, M, shiny|100/100\n|-damage|p1a: Araquanid|75/100|[from] Stealth Rock\n|move|p2a: Blissey|Soft-Boiled|p2a: Blissey\n|-heal|p2a: Blissey|100/100\n|\n|upkeep\n|turn|13\n|inactive|ALL CHUNG has 120 seconds left.\n|\n|t:|1770178091\n|switch|p2a: Pecharunt|Pecharunt|87/100\n|move|p1a: Araquanid|Sticky Web|p2a: Pecharunt\n|-sidestart|p2: ALL CHUNG|move: Sticky Web\n|\n|upkeep\n|turn|14\n|inactive|ALL CHUNG has 120 seconds left.\n|\n|t:|1770178102\n|switch|p1a: Mudsdale|Mudsdale, M, shiny|100/100\n|-damage|p1a: Mudsdale|94/100|[from] Stealth Rock\n|move|p2a: Pecharunt|Toxic|p1a: Mudsdale\n|-status|p1a: Mudsdale|tox\n|-start|p1a: Mudsdale|confusion|[from] ability: Poison Puppeteer|[of] p2a: Pecharunt\n|\n|-heal|p1a: Mudsdale|100/100 tox|[from] item: Leftovers\n|-damage|p1a: Mudsdale|94/100 tox|[from] psn\n|upkeep\n|turn|15\n|inactive|ALL CHUNG has 120 seconds left.\n|\n|t:|1770178113\n|move|p2a: Pecharunt|Shadow Ball|p1a: Mudsdale\n|-damage|p1a: Mudsdale|76/100 tox\n|-ability|p1a: Mudsdale|Stamina|boost\n|-boost|p1a: Mudsdale|def|1\n|-activate|p1a: Mudsdale|confusion\n|move|p1a: Mudsdale|Stealth Rock|p2a: Pecharunt\n|-sidestart|p2: ALL CHUNG|move: Stealth Rock\n|\n|-heal|p1a: Mudsdale|82/100 tox|[from] item: Leftovers\n|-damage|p1a: Mudsdale|69/100 tox|[from] psn\n|upkeep\n|turn|16\n|inactive|ALL CHUNG has 120 seconds left.\n|\n|t:|1770178127\n|move|p2a: Pecharunt|Shadow Ball|p1a: Mudsdale\n|-damage|p1a: Mudsdale|51/100 tox\n|-ability|p1a: Mudsdale|Stamina|boost\n|-boost|p1a: Mudsdale|def|1\n|-activate|p1a: Mudsdale|confusion\n|-damage|p1a: Mudsdale|46/100 tox|[from] confusion\n|\n|-heal|p1a: Mudsdale|52/100 tox|[from] item: Leftovers\n|-damage|p1a: Mudsdale|34/100 tox|[from] psn\n|upkeep\n|turn|17\n|inactive|ALL CHUNG has 120 seconds left.\n|\n|t:|1770178142\n|move|p2a: Pecharunt|Recover|p2a: Pecharunt\n|-heal|p2a: Pecharunt|100/100\n|-end|p1a: Mudsdale|confusion\n|move|p1a: Mudsdale|Roar|p2a: Pecharunt\n|drag|p2a: Skarmory|Skarmory, F|100/100\n|\n|-heal|p1a: Mudsdale|40/100 tox|[from] item: Leftovers\n|-damage|p1a: Mudsdale|15/100 tox|[from] psn\n|upkeep\n|turn|18\n|inactive|ALL CHUNG has 120 seconds left.\n|\n|t:|1770178153\n|move|p2a: Skarmory|Spikes|p1a: Mudsdale\n|-sidestart|p1: DoublesIsForLames|Spikes\n|move|p1a: Mudsdale|Body Press|p2a: Skarmory\n|-damage|p2a: Skarmory|76/100\n|\n|-heal|p1a: Mudsdale|21/100 tox|[from] item: Leftovers\n|-damage|p1a: Mudsdale|0 fnt|[from] psn\n|faint|p1a: Mudsdale\n|upkeep\n|\n|t:|1770178161\n|switch|p1a: Incineroar|Incineroar, M|100/100\n|-ability|p1a: Incineroar|Intimidate|boost\n|-unboost|p2a: Skarmory|atk|1\n|turn|19\n|\n|t:|1770178173\n|move|p2a: Skarmory|Body Press|p1a: Incineroar\n|-supereffective|p1a: Incineroar\n|-damage|p1a: Incineroar|46/100\n|move|p1a: Incineroar|Flare Blitz|p2a: Skarmory\n|-supereffective|p2a: Skarmory\n|-damage|p2a: Skarmory|6/100\n|-damage|p1a: Incineroar|24/100|[from] Recoil\n|\n|upkeep\n|turn|20\n|\n|t:|1770178186\n|switch|p1a: Primarina|Primarina, M|88/100\n|-damage|p1a: Primarina|76/100|[from] Stealth Rock\n|-damage|p1a: Primarina|63/100|[from] Spikes\n|move|p2a: Skarmory|Body Press|p1a: Primarina\n|-resisted|p1a: Primarina\n|-damage|p1a: Primarina|44/100\n|\n|upkeep\n|turn|21\n|\n|t:|1770178211\n|move|p2a: Skarmory|Body Press|p1a: Primarina\n|-resisted|p1a: Primarina\n|-damage|p1a: Primarina|23/100\n|move|p1a: Primarina|Moonblast|p2a: Skarmory\n|-resisted|p2a: Skarmory\n|-damage|p2a: Skarmory|0 fnt\n|faint|p2a: Skarmory\n|\n|upkeep\n|inactive|ALL CHUNG has 120 seconds left.\n|\n|t:|1770178222\n|switch|p2a: Zamazenta|Zamazenta|100/100\n|-ability|p2a: Zamazenta|Dauntless Shield|boost\n|-boost|p2a: Zamazenta|def|1\n|turn|22\n|inactive|ALL CHUNG has 120 seconds left.\n|\n|t:|1770178232\n|move|p2a: Zamazenta|Close Combat|p1a: Primarina\n|-resisted|p1a: Primarina\n|-damage|p1a: Primarina|0 fnt\n|-unboost|p2a: Zamazenta|def|1\n|-unboost|p2a: Zamazenta|spd|1\n|faint|p1a: Primarina\n|\n|upkeep\n|\n|t:|1770178237\n|switch|p1a: Araquanid|Araquanid, M, shiny|75/100\n|-damage|p1a: Araquanid|50/100|[from] Stealth Rock\n|-damage|p1a: Araquanid|38/100|[from] Spikes\n|turn|23\n|\n|t:|1770178252\n|switch|p2a: Blissey|Blissey, F|100/100\n|move|p1a: Araquanid|Endeavor|p2a: Blissey\n|-damage|p2a: Blissey|20/100\n|\n|upkeep\n|turn|24\n|\n|t:|1770178267\n|move|p2a: Blissey|Shadow Ball|p1a: Araquanid\n|-damage|p1a: Araquanid|28/100\n|move|p1a: Araquanid|Surf|p2a: Blissey\n|-damage|p2a: Blissey|4/100\n|\n|upkeep\n|turn|25\n|\n|t:|1770178281\n|move|p2a: Blissey|Soft-Boiled|p2a: Blissey\n|-heal|p2a: Blissey|54/100\n|move|p1a: Araquanid|Endeavor|p2a: Blissey\n|-damage|p2a: Blissey|15/100\n|\n|upkeep\n|turn|26\n|\n|t:|1770178291\n|switch|p2a: Zamazenta|Zamazenta|100/100\n|move|p1a: Araquanid|Surf|p2a: Zamazenta\n|-damage|p2a: Zamazenta|49/100\n|\n|upkeep\n|turn|27\n|\n|t:|1770178302\n|move|p1a: Araquanid|Endure|p1a: Araquanid\n|-singleturn|p1a: Araquanid|move: Endure\n|move|p2a: Zamazenta|Crunch|p1a: Araquanid\n|-damage|p1a: Araquanid|3/100\n|\n|upkeep\n|turn|28\n|-enditem|p1a: Araquanid|Custap Berry|[eat]\n|-activate|p1a: Araquanid|item: Custap Berry|[consumed]\n|\n|t:|1770178313\n|switch|p2a: Pecharunt|Pecharunt|100/100\n|-activate|p2a: Pecharunt|move: Sticky Web\n|-unboost|p2a: Pecharunt|spe|1\n|-damage|p2a: Pecharunt|88/100|[from] Stealth Rock\n|move|p1a: Araquanid|Surf|p2a: Pecharunt\n|-damage|p2a: Pecharunt|29/100\n|\n|upkeep\n|turn|29\n|\n|t:|1770178326\n|move|p2a: Pecharunt|Toxic|p1a: Araquanid\n|-status|p1a: Araquanid|tox\n|-start|p1a: Araquanid|confusion|[from] ability: Poison Puppeteer|[of] p2a: Pecharunt\n|-activate|p1a: Araquanid|confusion\n|move|p1a: Araquanid|Surf|p2a: Pecharunt\n|-damage|p2a: Pecharunt|0 fnt\n|faint|p2a: Pecharunt\n|\n|-damage|p1a: Araquanid|0 fnt|[from] psn\n|faint|p1a: Araquanid\n|upkeep\n|\n|t:|1770178336\n|switch|p2a: Zamazenta|Zamazenta|49/100\n|switch|p1a: Incineroar|Incineroar, M|24/100\n|-ability|p1a: Incineroar|Intimidate|boost\n|-unboost|p2a: Zamazenta|atk|1\n|turn|30\n|\n|t:|1770178349\n|move|p2a: Zamazenta|Close Combat|p1a: Incineroar\n|-supereffective|p1a: Incineroar\n|-damage|p1a: Incineroar|0 fnt\n|-unboost|p2a: Zamazenta|def|1\n|-unboost|p2a: Zamazenta|spd|1\n|faint|p1a: Incineroar\n|\n|win|ALL CHUNG\n|raw|DoublesIsForLames's rating: 1258 &rarr; <strong>1238</strong><br />(-20 for losing)\n|raw|ALL CHUNG's rating: 1326 &rarr; <strong>1342</strong><br />(+16 for winning)\n|c|\u2606ALL CHUNG|gg\n|c|\u2606ALL CHUNG|ttv/mfabso\n", "uploadtime": 1770178350, "views": 7, "formatid": "gen9ou", "rating": 1238, "private": 0, "password": null}