{"id": "gen9ou-2532444210", "format": "[Gen 9] OU", "players": ["Smol_4", "ALL CHUNG"], "log": "|j|\u2606Smol_4\n|j|\u2606ALL CHUNG\n|t:|1770177331\n|gametype|singles\n|player|p1|Smol_4|266|1298\n|player|p2|ALL CHUNG|crasherwake|1323\n|gen|9\n|tier|[Gen 9] OU\n|rated|\n|rule|HP Percentage Mod: HP is shown in percentages\n|rule|Endless Battle Clause: Forcing endless battles is banned\n|rule|Species Clause: Limit one of each Pok\u00e9mon\n|rule|OHKO Clause: OHKO moves are banned\n|rule|Evasion Items Clause: Evasion items are banned\n|rule|Evasion Moves Clause: Evasion moves are banned\n|rule|Evasion Abilities Clause: Evasion abilities are banned\n|rule|Sleep Moves Clause: Sleep-inducing moves are banned\n|clearpoke\n|poke|p1|Ogerpon-Wellspring, F|\n|poke|p1|Rillaboom, F|\n|poke|p1|Heatran, M|\n|poke|p1|Tornadus-Therian, M|\n|poke|p1|Great Tusk|\n|poke|p1|Alomomola, F|\n|poke|p2|Gliscor, M|\n|poke|p2|Gholdengo|\n|poke|p2|Zamazenta-*|\n|poke|p2|Blissey, F|\n|poke|p2|Skarmory, F|\n|poke|p2|Pecharunt|\n|teampreview\n|inactive|Battle timer is ON: inactive players will automatically lose when time's up. (requested by ALL CHUNG)\n|j| CHUNGMIGHT\n|inactive|Smol_4 has 120 seconds left.\n|\n|t:|1770177366\n|teamsize|p1|6\n|teamsize|p2|6\n|start\n|switch|p1a: Rillaboom|Rillaboom, F|100/100\n|switch|p2a: Skarmory|Skarmory, F|100/100\n|-fieldstart|move: Grassy Terrain|[from] ability: Grassy Surge|[of] p1a: Rillaboom\n|turn|1\n|\n|t:|1770177377\n|move|p1a: Rillaboom|Knock Off|p2a: Skarmory\n|-damage|p2a: Skarmory|79/100\n|-enditem|p2a: Skarmory|Heavy-Duty Boots|[from] move: Knock Off|[of] p1a: Rillaboom\n|move|p2a: Skarmory|Spikes|p1a: Rillaboom\n|-sidestart|p1: Smol_4|Spikes\n|\n|upkeep\n|turn|2\n|\n|t:|1770177390\n|move|p1a: Rillaboom|U-turn|p2a: Skarmory\n|-resisted|p2a: Skarmory\n|-damage|p2a: Skarmory|76/100\n|\n|t:|1770177393\n|switch|p1a: Heatran|Heatran, M|100/100|[from] U-turn\n|move|p2a: Skarmory|Spikes|p1a: Heatran\n|-sidestart|p1: Smol_4|Spikes\n|\n|upkeep\n|turn|3\n|\n|t:|1770177404\n|switch|p2a: Blissey|Blissey, F|100/100\n|move|p1a: Heatran|Magma Storm|p2a: Blissey|[miss]\n|-miss|p1a: Heatran|p2a: Blissey\n|\n|upkeep\n|turn|4\n|\n|t:|1770177415\n|switch|p1a: Tornadus|Tornadus-Therian, M|100/100\n|move|p2a: Blissey|Stealth Rock|p1a: Tornadus\n|-sidestart|p1: Smol_4|move: Stealth Rock\n|\n|upkeep\n|turn|5\n|\n|t:|1770177426\n|switch|p2a: Pecharunt|Pecharunt|100/100\n|move|p1a: Tornadus|Knock Off|p2a: Pecharunt\n|-supereffective|p2a: Pecharunt\n|-damage|p2a: Pecharunt|80/100\n|-enditem|p2a: Pecharunt|Heavy-Duty Boots|[from] move: Knock Off|[of] p1a: Tornadus\n|\n|-heal|p2a: Pecharunt|87/100|[from] Grassy Terrain\n|upkeep\n|turn|6\n|\n|t:|1770177438\n|move|p1a: Tornadus|U-turn|p2a: Pecharunt\n|-resisted|p2a: Pecharunt\n|-damage|p2a: Pecharunt|85/100\n|\n|t:|1770177440\n|switch|p1a: Heatran|Heatran, M|100/100|[from] U-turn\n|move|p2a: Pecharunt|Parting Shot|p1a: Heatran\n|-unboost|p1a: Heatran|atk|1\n|-unboost|p1a: Heatran|spa|1\n|\n|t:|1770177453\n|switch|p2a: Gliscor|Gliscor, M|100/100|[from] Parting Shot\n|\n|-status|p2a: Gliscor|tox|[from] item: Toxic Orb\n|upkeep\n|turn|7\n|\n|t:|1770177469\n|switch|p2a: Pecharunt|Pecharunt|85/100\n|switch|p1a: Tornadus|Tornadus-Therian, M|100/100\n|-damage|p1a: Tornadus|76/100|[from] Stealth Rock\n|\n|-heal|p2a: Pecharunt|91/100|[from] Grassy Terrain\n|upkeep\n|turn|8\n|\n|t:|1770177480\n|move|p1a: Tornadus|U-turn|p2a: Pecharunt\n|-resisted|p2a: Pecharunt\n|-damage|p2a: Pecharunt|89/100\n|\n|t:|1770177486\n|switch|p1a: Great Tusk|Great Tusk|100/100|[from] U-turn\n|-damage|p1a: Great Tusk|84/100|[from] Spikes\n|-damage|p1a: Great Tusk|81/100|[from] Stealth Rock\n|-enditem|p1a: Great Tusk|Booster Energy\n|-activate|p1a: Great Tusk|ability: Protosynthesis|[fromitem]\n|-start|p1a: Great Tusk|protosynthesisspe\n|move|p2a: Pecharunt|Parting Shot|p1a: Great Tusk\n|-unboost|p1a: Great Tusk|atk|1\n|-unboost|p1a: Great Tusk|spa|1\n|\n|t:|1770177497\n|switch|p2a: Skarmory|Skarmory, F|76/100|[from] Parting Shot\n|\n|-heal|p1a: Great Tusk|87/100|[from] Grassy Terrain\n|-fieldend|move: Grassy Terrain\n|upkeep\n|turn|9\n|\n|t:|1770177508\n|switch|p2a: Pecharunt|Pecharunt|89/100\n|move|p1a: Great Tusk|Rapid Spin|p2a: Pecharunt\n|-immune|p2a: Pecharunt\n|\n|upkeep\n|turn|10\n|\n|t:|1770177519\n|-end|p1a: Great Tusk|Protosynthesis|[silent]\n|switch|p1a: Heatran|Heatran, M|100/100\n|move|p2a: Pecharunt|Shadow Ball|p1a: Heatran\n|-damage|p1a: Heatran|86/100\n|\n|upkeep\n|turn|11\n|\n|t:|1770177532\n|move|p2a: Pecharunt|Parting Shot|p1a: Heatran\n|-unboost|p1a: Heatran|atk|1\n|-unboost|p1a: Heatran|spa|1\n|\n|t:|1770177543\n|switch|p2a: Zamazenta|Zamazenta|100/100|[from] Parting Shot\n|-ability|p2a: Zamazenta|Dauntless Shield|boost\n|-boost|p2a: Zamazenta|def|1\n|move|p1a: Heatran|Taunt|p2a: Zamazenta\n|-start|p2a: Zamazenta|move: Taunt\n|\n|upkeep\n|turn|12\n|\n|t:|1770177561\n|switch|p1a: Tornadus|Tornadus-Therian, M|100/100\n|-damage|p1a: Tornadus|76/100|[from] Stealth Rock\n|move|p2a: Zamazenta|Close Combat|p1a: Tornadus\n|-resisted|p1a: Tornadus\n|-damage|p1a: Tornadus|31/100\n|-unboost|p2a: Zamazenta|def|1\n|-unboost|p2a: Zamazenta|spd|1\n|\n|upkeep\n|turn|13\n|inactive|ALL CHUNG has 120 seconds left.\n|\n|t:|1770177577\n|switch|p1a: Alomomola|Alomomola, F|100/100\n|-damage|p1a: Alomomola|84/100|[from] Spikes\n|-damage|p1a: Alomomola|71/100|[from] Stealth Rock\n|move|p2a: Zamazenta|Close Combat|p1a: Alomomola\n|-damage|p1a: Alomomola|42/100\n|-unboost|p2a: Zamazenta|def|1\n|-unboost|p2a: Zamazenta|spd|1\n|-enditem|p1a: Alomomola|Red Card|[of] p2a: Zamazenta\n|drag|p2a: Skarmory|Skarmory, F|76/100\n|\n|upkeep\n|turn|14\n|inactive|ALL CHUNG has 120 seconds left.\n|\n|t:|1770177592\n|move|p2a: Skarmory|Spikes|p1a: Alomomola\n|-sidestart|p1: Smol_4|Spikes\n|move|p1a: Alomomola|Wish|p1a: Alomomola\n|\n|upkeep\n|turn|15\n|inactive|ALL CHUNG has 120 seconds left.\n|\n|t:|1770177607\n|move|p1a: Alomomola|Scald|p2a: Skarmory\n|-damage|p2a: Skarmory|58/100\n|move|p2a: Skarmory|Whirlwind|p1a: Alomomola\n|drag|p1a: Rillaboom|Rillaboom, F|100/100\n|-damage|p1a: Rillaboom|75/100|[from] Spikes\n|-damage|p1a: Rillaboom|63/100|[from] Stealth Rock\n|-fieldstart|move: Grassy Terrain|[from] ability: Grassy Surge|[of] p1a: Rillaboom\n|\n|-heal|p1a: Rillaboom|100/100|[from] move: Wish|[wisher] Alomomola\n|upkeep\n|turn|16\n|inactive|ALL CHUNG has 120 seconds left.\n|\n|t:|1770177618\n|move|p1a: Rillaboom|Knock Off|p2a: Skarmory\n|-damage|p2a: Skarmory|42/100\n|move|p2a: Skarmory|Roost|p2a: Skarmory\n|-heal|p2a: Skarmory|92/100\n|-singleturn|p2a: Skarmory|move: Roost\n|\n|-heal|p2a: Skarmory|98/100|[from] Grassy Terrain\n|upkeep\n|turn|17\n|inactive|ALL CHUNG has 120 seconds left.\n|\n|t:|1770177632\n|move|p1a: Rillaboom|U-turn|p2a: Skarmory\n|-resisted|p2a: Skarmory\n|-damage|p2a: Skarmory|94/100\n|\n|t:|1770177635\n|switch|p1a: Heatran|Heatran, M|86/100|[from] U-turn\n|move|p2a: Skarmory|Body Press|p1a: Heatran\n|-supereffective|p1a: Heatran\n|-damage|p1a: Heatran|34/100\n|\n|-heal|p1a: Heatran|40/100|[from] Grassy Terrain\n|upkeep\n|turn|18\n|\n|t:|1770177646\n|move|p2a: Skarmory|Body Press|p1a: Heatran\n|-supereffective|p1a: Heatran\n|-damage|p1a: Heatran|0 fnt\n|faint|p1a: Heatran\n|\n|upkeep\n|\n|t:|1770177657\n|switch|p1a: Tornadus|Tornadus-Therian, M|64/100\n|-damage|p1a: Tornadus|40/100|[from] Stealth Rock\n|turn|19\n|\n|t:|1770177668\n|move|p1a: Tornadus|Heat Wave|p2a: Skarmory\n|-supereffective|p2a: Skarmory\n|-damage|p2a: Skarmory|16/100\n|move|p2a: Skarmory|Body Press|p1a: Tornadus\n|-resisted|p1a: Tornadus\n|-crit|p1a: Tornadus\n|-damage|p1a: Tornadus|3/100\n|\n|upkeep\n|turn|20\n|\n|t:|1770177683\n|switch|p2a: Pecharunt|Pecharunt|89/100\n|move|p1a: Tornadus|Heat Wave|p2a: Pecharunt\n|-damage|p2a: Pecharunt|60/100\n|\n|-heal|p2a: Pecharunt|66/100|[from] Grassy Terrain\n|upkeep\n|turn|21\n|\n|t:|1770177694\n|move|p1a: Tornadus|U-turn|p2a: Pecharunt\n|-resisted|p2a: Pecharunt\n|-damage|p2a: Pecharunt|64/100\n|\n|t:|1770177696\n|switch|p1a: Alomomola|Alomomola, F|42/100|[from] U-turn\n|-damage|p1a: Alomomola|17/100|[from] Spikes\n|-damage|p1a: Alomomola|4/100|[from] Stealth Rock\n|move|p2a: Pecharunt|Shadow Ball|p1a: Alomomola\n|-damage|p1a: Alomomola|0 fnt\n|faint|p1a: Alomomola\n|\n|-heal|p2a: Pecharunt|70/100|[from] Grassy Terrain\n|upkeep\n|\n|t:|1770177712\n|switch|p1a: Great Tusk|Great Tusk|87/100\n|-damage|p1a: Great Tusk|62/100|[from] Spikes\n|-damage|p1a: Great Tusk|59/100|[from] Stealth Rock\n|turn|22\n|\n|t:|1770177725\n|move|p1a: Great Tusk|Ice Spinner|p2a: Pecharunt\n|-damage|p2a: Pecharunt|59/100\n|-fieldend|move: Grassy Terrain\n|move|p2a: Pecharunt|Shadow Ball|p1a: Great Tusk\n|-crit|p1a: Great Tusk\n|-damage|p1a: Great Tusk|9/100\n|\n|upkeep\n|turn|23\n|\n|t:|1770177736\n|move|p1a: Great Tusk|Headlong Rush|p2a: Pecharunt\n|-supereffective|p2a: Pecharunt\n|-damage|p2a: Pecharunt|8/100\n|-unboost|p1a: Great Tusk|def|1\n|-unboost|p1a: Great Tusk|spd|1\n|move|p2a: Pecharunt|Recover|p2a: Pecharunt\n|-heal|p2a: Pecharunt|58/100\n|\n|upkeep\n|turn|24\n|\n|t:|1770177747\n|move|p1a: Great Tusk|Headlong Rush|p2a: Pecharunt\n|-supereffective|p2a: Pecharunt\n|-damage|p2a: Pecharunt|11/100\n|-unboost|p1a: Great Tusk|def|1\n|-unboost|p1a: Great Tusk|spd|1\n|move|p2a: Pecharunt|Parting Shot|p1a: Great Tusk\n|-unboost|p1a: Great Tusk|atk|1\n|-unboost|p1a: Great Tusk|spa|1\n|\n|t:|1770177758\n|switch|p2a: Zamazenta|Zamazenta|100/100|[from] Parting Shot\n|\n|upkeep\n|turn|25\n|\n|t:|1770177773\n|move|p2a: Zamazenta|Crunch|p1a: Great Tusk\n|-resisted|p1a: Great Tusk\n|-damage|p1a: Great Tusk|0 fnt\n|faint|p1a: Great Tusk\n|-end|p1a: Great Tusk|Protosynthesis|[silent]\n|\n|upkeep\n|\n|t:|1770177776\n|switch|p1a: Rillaboom|Rillaboom, F|100/100\n|-damage|p1a: Rillaboom|75/100|[from] Spikes\n|-damage|p1a: Rillaboom|63/100|[from] Stealth Rock\n|-fieldstart|move: Grassy Terrain|[from] ability: Grassy Surge|[of] p1a: Rillaboom\n|turn|26\n|\n|t:|1770177792\n|-terastallize|p2a: Zamazenta|Ice\n|move|p2a: Zamazenta|Ice Fang|p1a: Rillaboom\n|-supereffective|p1a: Rillaboom\n|-damage|p1a: Rillaboom|1/100\n|-status|p1a: Rillaboom|frz\n|cant|p1a: Rillaboom|frz\n|\n|-heal|p1a: Rillaboom|7/100 frz|[from] Grassy Terrain\n|upkeep\n|turn|27\n|c|\u2606Smol_4|okay\n|\n|t:|1770177809\n|move|p2a: Zamazenta|Heavy Slam|p1a: Rillaboom\n|-damage|p1a: Rillaboom|0 fnt\n|faint|p1a: Rillaboom\n|\n|upkeep\n|\n|t:|1770177811\n|switch|p1a: Ogerpon|Ogerpon-Wellspring, F|100/100\n|-damage|p1a: Ogerpon|76/100|[from] Spikes\n|-damage|p1a: Ogerpon|63/100|[from] Stealth Rock\n|turn|28\n|\n|t:|1770177826\n|move|p2a: Zamazenta|Close Combat|p1a: Ogerpon\n|-damage|p1a: Ogerpon|0 fnt\n|-unboost|p2a: Zamazenta|def|1\n|-unboost|p2a: Zamazenta|spd|1\n|faint|p1a: Ogerpon\n|\n|upkeep\n|-message|Smol_4 forfeited.\n|\n|win|ALL CHUNG\n|raw|Smol_4's rating: 1298 &rarr; <strong>1272</strong><br />(-26 for losing)\n|raw|ALL CHUNG's rating: 1279 &rarr; <strong>1305</strong><br />(+26 for winning)\n|c|\u2606ALL CHUNG|gg\n|l|\u2606Smol_4\n|player|p1|\n|c|\u2606ALL CHUNG|ttv/mfabso\n", "uploadtime": 1770177830, "views": 4, "formatid": "gen9ou", "rating": 1272, "private": 0, "password": null}