{"id": "gen9ou-2532469253", "format": "[Gen 9] OU", "players": ["ALL CHUNG", "turbotoby95"], "log": "|j|\u2606ALL CHUNG\n|j|\u2606turbotoby95\n|t:|1770181129\n|gametype|singles\n|player|p1|ALL CHUNG|crasherwake|1334\n|player|p2|turbotoby95|102|1357\n|gen|9\n|tier|[Gen 9] OU\n|rated|\n|rule|HP Percentage Mod: HP is shown in percentages\n|rule|Endless Battle Clause: Forcing endless battles is banned\n|rule|Species Clause: Limit one of each Pok\u00e9mon\n|rule|OHKO Clause: OHKO moves are banned\n|rule|Evasion Items Clause: Evasion items are banned\n|rule|Evasion Moves Clause: Evasion moves are banned\n|rule|Evasion Abilities Clause: Evasion abilities are banned\n|rule|Sleep Moves Clause: Sleep-inducing moves are banned\n|clearpoke\n|poke|p1|Gliscor, M|\n|poke|p1|Gholdengo|\n|poke|p1|Zamazenta-*|\n|poke|p1|Blissey, F|\n|poke|p1|Skarmory, F|\n|poke|p1|Pecharunt|\n|poke|p2|Vaporeon, F|\n|poke|p2|Darkrai|\n|poke|p2|Ting-Lu|\n|poke|p2|Gholdengo|\n|poke|p2|Ditto|\n|poke|p2|Dragonite, M|\n|teampreview\n|inactive|Battle timer is ON: inactive players will automatically lose when time's up. (requested by ALL CHUNG)\n|j| CHUNGMIGHT\n|\n|t:|1770181141\n|teamsize|p1|6\n|teamsize|p2|6\n|start\n|switch|p1a: Skarmory|Skarmory, F|100/100\n|switch|p2a: Darkrai|Darkrai|100/100\n|turn|1\n|\n|t:|1770181152\n|switch|p2a: Gyatdengo|Gholdengo|100/100\n|switch|p1a: Blissey|Blissey, F|100/100\n|\n|upkeep\n|turn|2\n|\n|t:|1770181162\n|move|p2a: Gyatdengo|Trick|p1a: Blissey\n|-activate|p2a: Gyatdengo|move: Trick|[of] p1a: Blissey\n|-item|p1a: Blissey|Choice Scarf|[from] move: Trick\n|-item|p2a: Gyatdengo|Heavy-Duty Boots|[from] move: Trick\n|move|p1a: Blissey|Shadow Ball|p2a: Gyatdengo\n|-supereffective|p2a: Gyatdengo\n|-damage|p2a: Gyatdengo|65/100\n|\n|upkeep\n|turn|3\n|\n|t:|1770181174\n|switch|p2a: Yoink!|Ditto|100/100\n|-transform|p2a: Yoink!|p1a: Blissey|[from] ability: Imposter\n|move|p1a: Blissey|Shadow Ball|p2a: Yoink!\n|-immune|p2a: Yoink!\n|\n|upkeep\n|turn|4\n|-activate|p2a: Yoink!|item: Quick Claw\n|\n|t:|1770181189\n|switch|p1a: Gliscor|Gliscor, M|100/100\n|move|p2a: Yoink!|Stealth Rock|p1a: Gliscor\n|-sidestart|p1: ALL CHUNG|move: Stealth Rock\n|\n|-status|p1a: Gliscor|tox|[from] item: Toxic Orb\n|upkeep\n|turn|5\n|\n|t:|1770181206\n|switch|p2a: Darkrai|Darkrai|100/100\n|move|p1a: Gliscor|Knock Off|p2a: Darkrai\n|-resisted|p2a: Darkrai\n|-damage|p2a: Darkrai|86/100\n|-enditem|p2a: Darkrai|Leftovers|[from] move: Knock Off|[of] p1a: Gliscor\n|\n|upkeep\n|turn|6\n|\n|t:|1770181218\n|-terastallize|p1a: Gliscor|Dark\n|move|p2a: Darkrai|Nasty Plot|p2a: Darkrai\n|-boost|p2a: Darkrai|spa|2\n|move|p1a: Gliscor|Swords Dance|p1a: Gliscor\n|-boost|p1a: Gliscor|atk|2\n|\n|upkeep\n|turn|7\n|\n|t:|1770181233\n|move|p2a: Darkrai|Ice Beam|p1a: Gliscor\n|-damage|p1a: Gliscor|40/100 tox\n|move|p1a: Gliscor|Earthquake|p2a: Darkrai\n|-damage|p2a: Darkrai|0 fnt\n|faint|p2a: Darkrai\n|\n|-heal|p1a: Gliscor|52/100 tox|[from] ability: Poison Heal\n|upkeep\n|\n|t:|1770181238\n|switch|p2a: Yoink!|Ditto|100/100\n|-transform|p2a: Yoink!|p1a: Gliscor|[from] ability: Imposter\n|-start|p2a: Yoink!|typechange|Ground/Flying|[silent]\n|turn|8\n|-activate|p2a: Yoink!|item: Quick Claw\n|\n|t:|1770181254\n|move|p2a: Yoink!|Swords Dance|p2a: Yoink!\n|-boost|p2a: Yoink!|atk|2\n|move|p1a: Gliscor|Knock Off|p2a: Yoink!\n|-damage|p2a: Yoink!|38/100\n|-enditem|p2a: Yoink!|Quick Claw|[from] move: Knock Off|[of] p1a: Gliscor\n|\n|-heal|p1a: Gliscor|65/100 tox|[from] ability: Poison Heal\n|upkeep\n|turn|9\n|inactive|ALL CHUNG has 120 seconds left.\n|\n|t:|1770181269\n|move|p1a: Gliscor|Knock Off|p2a: Yoink!\n|-damage|p2a: Yoink!|0 fnt\n|faint|p2a: Yoink!\n|\n|-heal|p1a: Gliscor|77/100 tox|[from] ability: Poison Heal\n|upkeep\n|\n|t:|1770181277\n|switch|p2a: Ting-Lu|Ting-Lu|100/100\n|-ability|p2a: Ting-Lu|Vessel of Ruin\n|turn|10\n|\n|t:|1770181288\n|move|p1a: Gliscor|Knock Off|p2a: Ting-Lu\n|-resisted|p2a: Ting-Lu\n|-damage|p2a: Ting-Lu|88/100\n|-enditem|p2a: Ting-Lu|Leftovers|[from] move: Knock Off|[of] p1a: Gliscor\n|move|p2a: Ting-Lu|Whirlwind|p1a: Gliscor\n|drag|p1a: Blissey|Blissey, F|100/100\n|-damage|p1a: Blissey|88/100|[from] Stealth Rock\n|\n|upkeep\n|turn|11\n|-message|turbotoby95 forfeited.\n|\n|win|ALL CHUNG\n|raw|ALL CHUNG's rating: 1334 &rarr; <strong>1355</strong><br />(+21 for winning)\n|raw|turbotoby95's rating: 1357 &rarr; <strong>1336</strong><br />(-21 for losing)\n|l|\u2606turbotoby95\n|player|p2|\n|c|\u2606ALL CHUNG|gg\n|c|\u2606ALL CHUNG|ttv/mfabso\n", "uploadtime": 1770181302, "views": 3, "formatid": "gen9ou", "rating": 1336, "private": 0, "password": null}