{"id": "gen9ou-2532438553", "format": "[Gen 9] OU", "players": ["johnnybbody", "ALL CHUNG"], "log": "|j|\u2606johnnybbody\n|j|\u2606ALL CHUNG\n|t:|1770176534\n|gametype|singles\n|player|p1|johnnybbody|1|1246\n|player|p2|ALL CHUNG|crasherwake|1259\n|gen|9\n|tier|[Gen 9] OU\n|rated|\n|rule|HP Percentage Mod: HP is shown in percentages\n|rule|Endless Battle Clause: Forcing endless battles is banned\n|rule|Species Clause: Limit one of each Pok\u00e9mon\n|rule|OHKO Clause: OHKO moves are banned\n|rule|Evasion Items Clause: Evasion items are banned\n|rule|Evasion Moves Clause: Evasion moves are banned\n|rule|Evasion Abilities Clause: Evasion abilities are banned\n|rule|Sleep Moves Clause: Sleep-inducing moves are banned\n|clearpoke\n|poke|p1|Dragonite, M|\n|poke|p1|Gholdengo|\n|poke|p1|Zapdos|\n|poke|p1|Ceruledge, M|\n|poke|p1|Ting-Lu|\n|poke|p1|Great Tusk|\n|poke|p2|Gliscor, M|\n|poke|p2|Gholdengo|\n|poke|p2|Zamazenta-*|\n|poke|p2|Blissey, F|\n|poke|p2|Skarmory, M|\n|poke|p2|Pecharunt|\n|teampreview\n|j| lapislover18\n|inactive|Battle timer is ON: inactive players will automatically lose when time's up. (requested by ALL CHUNG)\n|j| CHUNGMIGHT\n|l| lapislover18\n|inactive|johnnybbody has 120 seconds left.\n|\n|t:|1770176570\n|teamsize|p1|6\n|teamsize|p2|6\n|start\n|switch|p1a: Ting-Lu|Ting-Lu|100/100\n|switch|p2a: Skarmory|Skarmory, M|100/100\n|-ability|p1a: Ting-Lu|Vessel of Ruin\n|turn|1\n|\n|t:|1770176581\n|switch|p2a: Gliscor|Gliscor, M|100/100\n|move|p1a: Ting-Lu|Stealth Rock|p2a: Gliscor\n|-sidestart|p2: ALL CHUNG|move: Stealth Rock\n|\n|-status|p2a: Gliscor|tox|[from] item: Toxic Orb\n|upkeep\n|turn|2\n|\n|t:|1770176592\n|switch|p1a: Gholdengo|Gholdengo|100/100\n|-item|p1a: Gholdengo|Air Balloon\n|move|p2a: Gliscor|Knock Off|p1a: Gholdengo\n|-supereffective|p1a: Gholdengo\n|-damage|p1a: Gholdengo|70/100\n|-enditem|p1a: Gholdengo|Air Balloon\n|\n|upkeep\n|turn|3\n|\n|t:|1770176609\n|move|p2a: Gliscor|Knock Off|p1a: Gholdengo\n|-supereffective|p1a: Gholdengo\n|-crit|p1a: Gholdengo\n|-damage|p1a: Gholdengo|39/100\n|move|p1a: Gholdengo|Make It Rain|p2a: Gliscor\n|-damage|p2a: Gliscor|54/100 tox\n|-unboost|p1a: Gholdengo|spa|1\n|\n|-heal|p2a: Gliscor|67/100 tox|[from] ability: Poison Heal\n|upkeep\n|turn|4\n|\n|t:|1770176625\n|move|p2a: Gliscor|Knock Off|p1a: Gholdengo\n|-supereffective|p1a: Gholdengo\n|-damage|p1a: Gholdengo|17/100\n|move|p1a: Gholdengo|Recover|p1a: Gholdengo\n|-heal|p1a: Gholdengo|67/100\n|\n|-heal|p2a: Gliscor|79/100 tox|[from] ability: Poison Heal\n|upkeep\n|turn|5\n|\n|t:|1770176642\n|move|p2a: Gliscor|Knock Off|p1a: Gholdengo\n|-supereffective|p1a: Gholdengo\n|-damage|p1a: Gholdengo|47/100\n|move|p1a: Gholdengo|Make It Rain|p2a: Gliscor\n|-damage|p2a: Gliscor|48/100 tox\n|-unboost|p1a: Gholdengo|spa|1\n|\n|-heal|p2a: Gliscor|60/100 tox|[from] ability: Poison Heal\n|upkeep\n|turn|6\n|inactive|ALL CHUNG has 120 seconds left.\n|\n|t:|1770176658\n|switch|p2a: Pecharunt|Pecharunt|100/100\n|switch|p1a: Great Tusk|Great Tusk|100/100\n|\n|upkeep\n|turn|7\n|inactive|ALL CHUNG has 120 seconds left.\n|\n|t:|1770176669\n|move|p1a: Great Tusk|Headlong Rush|p2a: Pecharunt\n|-supereffective|p2a: Pecharunt\n|-crit|p2a: Pecharunt\n|-damage|p2a: Pecharunt|18/100\n|-unboost|p1a: Great Tusk|def|1\n|-unboost|p1a: Great Tusk|spd|1\n|move|p2a: Pecharunt|Toxic|p1a: Great Tusk\n|-status|p1a: Great Tusk|tox\n|-start|p1a: Great Tusk|confusion|[from] ability: Poison Puppeteer|[of] p2a: Pecharunt\n|\n|-damage|p1a: Great Tusk|94/100 tox|[from] psn\n|upkeep\n|turn|8\n|inactive|ALL CHUNG has 120 seconds left.\n|\n|t:|1770176682\n|-end|p1a: Great Tusk|Protosynthesis|[silent]\n|switch|p1a: Gholdengo|Gholdengo|47/100\n|move|p2a: Pecharunt|Recover|p2a: Pecharunt\n|-heal|p2a: Pecharunt|68/100\n|\n|upkeep\n|turn|9\n|inactive|ALL CHUNG has 120 seconds left.\n|\n|t:|1770176694\n|move|p1a: Gholdengo|Hex|p2a: Pecharunt\n|-supereffective|p2a: Pecharunt\n|-damage|p2a: Pecharunt|15/100\n|move|p2a: Pecharunt|Shadow Ball|p1a: Gholdengo\n|-supereffective|p1a: Gholdengo\n|-damage|p1a: Gholdengo|1/100\n|\n|upkeep\n|turn|10\n|inactive|ALL CHUNG has 120 seconds left.\n|\n|t:|1770176706\n|move|p1a: Gholdengo|Make It Rain|p2a: Pecharunt\n|-damage|p2a: Pecharunt|0 fnt\n|-unboost|p1a: Gholdengo|spa|1\n|faint|p2a: Pecharunt\n|\n|upkeep\n|inactive|ALL CHUNG has 120 seconds left.\n|\n|t:|1770176717\n|switch|p2a: Gliscor|Gliscor, M|60/100 tox\n|-damage|p2a: Gliscor|48/100 tox|[from] Stealth Rock\n|turn|11\n|inactive|ALL CHUNG has 120 seconds left.\n|\n|t:|1770176733\n|move|p2a: Gliscor|Knock Off|p1a: Gholdengo\n|-supereffective|p1a: Gholdengo\n|-damage|p1a: Gholdengo|0 fnt\n|faint|p1a: Gholdengo\n|\n|-heal|p2a: Gliscor|60/100 tox|[from] ability: Poison Heal\n|upkeep\n|\n|t:|1770176736\n|switch|p1a: Great Tusk|Great Tusk|94/100 tox\n|turn|12\n|inactive|ALL CHUNG has 120 seconds left.\n|\n|t:|1770176749\n|-end|p1a: Great Tusk|Protosynthesis|[silent]\n|switch|p1a: Zapdos|Zapdos|100/100\n|move|p2a: Gliscor|Swords Dance|p2a: Gliscor\n|-boost|p2a: Gliscor|atk|2\n|\n|-heal|p2a: Gliscor|73/100 tox|[from] ability: Poison Heal\n|upkeep\n|turn|13\n|inactive|ALL CHUNG has 120 seconds left.\n|\n|t:|1770176761\n|-terastallize|p1a: Zapdos|Steel\n|move|p2a: Gliscor|Protect|p2a: Gliscor\n|-singleturn|p2a: Gliscor|Protect\n|move|p1a: Zapdos|Hurricane|p2a: Gliscor\n|-activate|p2a: Gliscor|move: Protect\n|\n|-heal|p2a: Gliscor|85/100 tox|[from] ability: Poison Heal\n|upkeep\n|turn|14\n|inactive|ALL CHUNG has 120 seconds left.\n|\n|t:|1770176772\n|move|p2a: Gliscor|Knock Off|p1a: Zapdos\n|-damage|p1a: Zapdos|70/100\n|-enditem|p1a: Zapdos|Heavy-Duty Boots|[from] move: Knock Off|[of] p2a: Gliscor\n|move|p1a: Zapdos|Hurricane|p2a: Gliscor\n|-damage|p2a: Gliscor|44/100 tox\n|\n|-heal|p2a: Gliscor|57/100 tox|[from] ability: Poison Heal\n|upkeep\n|turn|15\n|inactive|ALL CHUNG has 120 seconds left.\n|\n|t:|1770176785\n|move|p2a: Gliscor|Swords Dance|p2a: Gliscor\n|-boost|p2a: Gliscor|atk|2\n|move|p1a: Zapdos|Roost|p1a: Zapdos\n|-heal|p1a: Zapdos|100/100\n|\n|-heal|p2a: Gliscor|69/100 tox|[from] ability: Poison Heal\n|upkeep\n|turn|16\n|inactive|ALL CHUNG has 120 seconds left.\n|\n|t:|1770176796\n|move|p2a: Gliscor|Knock Off|p1a: Zapdos\n|-damage|p1a: Zapdos|72/100\n|move|p1a: Zapdos|Hurricane|p2a: Gliscor\n|-damage|p2a: Gliscor|27/100 tox\n|\n|-heal|p2a: Gliscor|40/100 tox|[from] ability: Poison Heal\n|upkeep\n|turn|17\n|inactive|ALL CHUNG has 120 seconds left.\n|\n|t:|1770176808\n|switch|p1a: Great Tusk|Great Tusk|94/100 tox\n|move|p2a: Gliscor|Protect||[still]\n|-fail|p2a: Gliscor\n|\n|-damage|p1a: Great Tusk|88/100 tox|[from] psn\n|-heal|p2a: Gliscor|52/100 tox|[from] ability: Poison Heal\n|upkeep\n|turn|18\n|inactive|ALL CHUNG has 120 seconds left.\n|\n|t:|1770176824\n|-terastallize|p2a: Gliscor|Dark\n|move|p1a: Great Tusk|Ice Spinner|p2a: Gliscor\n|-damage|p2a: Gliscor|31/100 tox\n|move|p2a: Gliscor|Earthquake|p1a: Great Tusk\n|-damage|p1a: Great Tusk|13/100 tox\n|\n|-damage|p1a: Great Tusk|0 fnt|[from] psn\n|faint|p1a: Great Tusk\n|-end|p1a: Great Tusk|Protosynthesis|[silent]\n|-heal|p2a: Gliscor|43/100 tox|[from] ability: Poison Heal\n|upkeep\n|\n|t:|1770176833\n|switch|p1a: Zapdos|Zapdos, tera:Steel|72/100\n|turn|19\n|inactive|ALL CHUNG has 120 seconds left.\n|\n|t:|1770176844\n|move|p2a: Gliscor|Knock Off|p1a: Zapdos\n|-damage|p1a: Zapdos|27/100\n|move|p1a: Zapdos|Volt Switch|p2a: Gliscor\n|-damage|p2a: Gliscor|17/100 tox\n|\n|t:|1770176851\n|switch|p1a: Dragonite|Dragonite, M|100/100|[from] Volt Switch\n|\n|-heal|p2a: Gliscor|30/100 tox|[from] ability: Poison Heal\n|upkeep\n|turn|20\n|inactive|ALL CHUNG has 120 seconds left.\n|\n|t:|1770176862\n|move|p2a: Gliscor|Protect|p2a: Gliscor\n|-singleturn|p2a: Gliscor|Protect\n|move|p1a: Dragonite|Earthquake|p2a: Gliscor\n|-activate|p2a: Gliscor|move: Protect\n|\n|-heal|p2a: Gliscor|42/100 tox|[from] ability: Poison Heal\n|upkeep\n|turn|21\n|inactive|ALL CHUNG has 120 seconds left.\n|\n|t:|1770176878\n|move|p1a: Dragonite|Dragon Dance|p1a: Dragonite\n|-boost|p1a: Dragonite|atk|1\n|-boost|p1a: Dragonite|spe|1\n|move|p2a: Gliscor|Knock Off|p1a: Dragonite\n|-damage|p1a: Dragonite|46/100\n|-enditem|p1a: Dragonite|Heavy-Duty Boots|[from] move: Knock Off|[of] p2a: Gliscor\n|\n|-heal|p2a: Gliscor|55/100 tox|[from] ability: Poison Heal\n|upkeep\n|turn|22\n|inactive|ALL CHUNG has 120 seconds left.\n|-message|johnnybbody forfeited.\n|\n|win|ALL CHUNG\n|raw|johnnybbody's rating: 1246 &rarr; <strong>1220</strong><br />(-26 for losing)\n|raw|ALL CHUNG's rating: 1227 &rarr; <strong>1253</strong><br />(+26 for winning)\n|l|\u2606johnnybbody\n|player|p1|\n|c|\u2606ALL CHUNG|gg\n|c|\u2606ALL CHUNG|ttv/mfabso\n", "uploadtime": 1770176899, "views": 7, "formatid": "gen9ou", "rating": 1220, "private": 0, "password": null}