{"id":"gen9ou-2532446104","format":"[Gen 9] OU","players":["Rundown2","ALL CHUNG"],"log":"|j|\u2606Rundown2\n|j|\u2606ALL CHUNG\n|t:|1770177602\n|gametype|singles\n|player|p1|Rundown2|blue|1282\n|player|p2|ALL CHUNG|crasherwake|1279\n|gen|9\n|tier|[Gen 9] OU\n|rated|\n|rule|HP Percentage Mod: HP is shown in percentages\n|rule|Endless Battle Clause: Forcing endless battles is banned\n|rule|Species Clause: Limit one of each Pok\u00e9mon\n|rule|OHKO Clause: OHKO moves are banned\n|rule|Evasion Items Clause: Evasion items are banned\n|rule|Evasion Moves Clause: Evasion moves are banned\n|rule|Evasion Abilities Clause: Evasion abilities are banned\n|rule|Sleep Moves Clause: Sleep-inducing moves are banned\n|clearpoke\n|poke|p1|Gholdengo|\n|poke|p1|Iron Treads|\n|poke|p1|Quaquaval, F|\n|poke|p1|Slowking-Galar, M|\n|poke|p1|Dragonite, M|\n|poke|p1|Ting-Lu|\n|poke|p2|Gliscor, F|\n|poke|p2|Ogerpon, F|\n|poke|p2|Walking Wake|\n|poke|p2|Blissey, F|\n|poke|p2|Corviknight, F|\n|poke|p2|Pecharunt|\n|teampreview\n|inactive|Battle timer is ON: inactive players will automatically lose when time's up. (requested by ALL CHUNG)\n|j| CHUNGMIGHT\n|\n|t:|1770177612\n|teamsize|p1|6\n|teamsize|p2|6\n|start\n|switch|p1a: Iron Treads|Iron Treads|100\/100\n|switch|p2a: Gliscor|Gliscor, F|100\/100\n|turn|1\n|\n|t:|1770177624\n|move|p1a: Iron Treads|Stealth Rock|p2a: Gliscor\n|-sidestart|p2: ALL CHUNG|move: Stealth Rock\n|move|p2a: Gliscor|Spikes|p1a: Iron Treads\n|-sidestart|p1: Rundown2|Spikes\n|\n|-status|p2a: Gliscor|tox|[from] item: Toxic Orb\n|upkeep\n|turn|2\n|\n|t:|1770177639\n|switch|p2a: Pecharunt|Pecharunt|100\/100\n|move|p1a: Iron Treads|Rapid Spin|p2a: Pecharunt\n|-immune|p2a: Pecharunt\n|\n|upkeep\n|turn|3\n|\n|t:|1770177649\n|switch|p2a: Gliscor|Gliscor, F|100\/100 tox\n|-damage|p2a: Gliscor|88\/100 tox|[from] Stealth Rock\n|move|p1a: Iron Treads|Earthquake|p2a: Gliscor\n|-immune|p2a: Gliscor\n|\n|-heal|p2a: Gliscor|100\/100 tox|[from] ability: Poison Heal\n|upkeep\n|turn|4\n|\n|t:|1770177660\n|move|p1a: Iron Treads|Knock Off|p2a: Gliscor\n|-damage|p2a: Gliscor|77\/100 tox\n|-enditem|p2a: Gliscor|Toxic Orb|[from] move: Knock Off|[of] p1a: Iron Treads\n|move|p2a: Gliscor|Earthquake|p1a: Iron Treads\n|-supereffective|p1a: Iron Treads\n|-damage|p1a: Iron Treads|42\/100\n|\n|-heal|p1a: Iron Treads|48\/100|[from] item: Leftovers\n|-heal|p2a: Gliscor|90\/100 tox|[from] ability: Poison Heal\n|upkeep\n|turn|5\n|\n|t:|1770177674\n|move|p1a: Iron Treads|Rapid Spin|p2a: Gliscor\n|-damage|p2a: Gliscor|78\/100 tox\n|-boost|p1a: Iron Treads|spe|1\n|-sideend|p1: Rundown2|Spikes|[from] move: Rapid Spin|[of] p1a: Iron Treads\n|move|p2a: Gliscor|Spikes|p1a: Iron Treads\n|-sidestart|p1: Rundown2|Spikes\n|\n|-heal|p1a: Iron Treads|54\/100|[from] item: Leftovers\n|-heal|p2a: Gliscor|90\/100 tox|[from] ability: Poison Heal\n|upkeep\n|turn|6\n|\n|t:|1770177690\n|move|p1a: Iron Treads|Knock Off|p2a: Gliscor\n|-damage|p2a: Gliscor|75\/100 tox\n|move|p2a: Gliscor|Earthquake|p1a: Iron Treads\n|-supereffective|p1a: Iron Treads\n|-damage|p1a: Iron Treads|0 fnt\n|faint|p1a: Iron Treads\n|-end|p1a: Iron Treads|Quark Drive|[silent]\n|\n|-heal|p2a: Gliscor|87\/100 tox|[from] ability: Poison Heal\n|upkeep\n|\n|t:|1770177706\n|switch|p1a: Quaquaval|Quaquaval, F, shiny|100\/100\n|-damage|p1a: Quaquaval|88\/100|[from] Spikes\n|turn|7\n|\n|t:|1770177718\n|move|p2a: Gliscor|Protect|p2a: Gliscor\n|-singleturn|p2a: Gliscor|Protect\n|move|p1a: Quaquaval|Aqua Jet|p2a: Gliscor\n|-activate|p2a: Gliscor|move: Protect\n|\n|-heal|p2a: Gliscor|99\/100 tox|[from] ability: Poison Heal\n|upkeep\n|turn|8\n|\n|t:|1770177729\n|move|p1a: Quaquaval|Aqua Jet|p2a: Gliscor\n|-supereffective|p2a: Gliscor\n|-damage|p2a: Gliscor|53\/100 tox\n|move|p2a: Gliscor|Toxic|p1a: Quaquaval\n|-status|p1a: Quaquaval|tox\n|\n|-damage|p1a: Quaquaval|82\/100 tox|[from] psn\n|-heal|p2a: Gliscor|66\/100 tox|[from] ability: Poison Heal\n|upkeep\n|turn|9\n|inactive|Rundown2 has 120 seconds left.\n|\n|t:|1770177759\n|switch|p1a: Gholdengo|Gholdengo|100\/100\n|-damage|p1a: Gholdengo|88\/100|[from] Spikes\n|move|p2a: Gliscor|Protect||[still]\n|-fail|p2a: Gliscor\n|\n|-heal|p2a: Gliscor|78\/100 tox|[from] ability: Poison Heal\n|upkeep\n|turn|10\n|inactive|Rundown2 has 120 seconds left.\n|\n|t:|1770177787\n|-terastallize|p1a: Gholdengo|Fairy\n|move|p1a: Gholdengo|Make It Rain|p2a: Gliscor\n|-damage|p2a: Gliscor|21\/100 tox\n|-unboost|p1a: Gholdengo|spa|1\n|move|p2a: Gliscor|Earthquake|p1a: Gholdengo\n|-damage|p1a: Gholdengo|51\/100\n|\n|-heal|p2a: Gliscor|34\/100 tox|[from] ability: Poison Heal\n|upkeep\n|turn|11\n|\n|t:|1770177806\n|switch|p2a: Blissey|Blissey, F|100\/100\n|move|p1a: Gholdengo|Make It Rain|p2a: Blissey\n|-damage|p2a: Blissey|87\/100\n|-unboost|p1a: Gholdengo|spa|1\n|\n|upkeep\n|turn|12\n|inactive|Rundown2 has 90 seconds left.\n|\n|t:|1770177826\n|switch|p1a: Quaquaval|Quaquaval, F, shiny|82\/100 tox\n|-damage|p1a: Quaquaval|70\/100 tox|[from] Spikes\n|switch|p2a: Pecharunt|Pecharunt|100\/100\n|\n|-damage|p1a: Quaquaval|63\/100 tox|[from] psn\n|upkeep\n|turn|13\n|inactive|Rundown2 has 90 seconds left.\n|\n|t:|1770177839\n|move|p1a: Quaquaval|Aqua Step|p2a: Pecharunt\n|-damage|p2a: Pecharunt|69\/100\n|-boost|p1a: Quaquaval|spe|1\n|move|p2a: Pecharunt|Malignant Chain|p1a: Quaquaval\n|-damage|p1a: Quaquaval|20\/100 tox\n|\n|-damage|p1a: Quaquaval|8\/100 tox|[from] psn\n|upkeep\n|turn|14\n|\n|t:|1770177855\n|move|p1a: Quaquaval|Aqua Step|p2a: Pecharunt\n|-damage|p2a: Pecharunt|39\/100\n|-boost|p1a: Quaquaval|spe|1\n|move|p2a: Pecharunt|Foul Play|p1a: Quaquaval\n|-resisted|p1a: Quaquaval\n|-crit|p1a: Quaquaval\n|-damage|p1a: Quaquaval|0 fnt\n|faint|p1a: Quaquaval\n|\n|upkeep\n|inactive|Rundown2 has 90 seconds left.\n|\n|t:|1770177867\n|switch|p1a: Gholdengo|Gholdengo, tera:Fairy|51\/100\n|-damage|p1a: Gholdengo|39\/100|[from] Spikes\n|turn|15\n|\n|t:|1770177878\n|switch|p2a: Blissey|Blissey, F|87\/100\n|move|p1a: Gholdengo|Make It Rain|p2a: Blissey\n|-damage|p2a: Blissey|67\/100\n|-unboost|p1a: Gholdengo|spa|1\n|\n|upkeep\n|turn|16\n|\n|t:|1770177892\n|switch|p1a: Slowking|Slowking-Galar, M, shiny|100\/100\n|-damage|p1a: Slowking|88\/100|[from] Spikes\n|switch|p2a: Pecharunt|Pecharunt|39\/100\n|\n|upkeep\n|turn|17\n|\n|t:|1770177908\n|-terastallize|p2a: Pecharunt|Dark\n|move|p2a: Pecharunt|Recover|p2a: Pecharunt\n|-heal|p2a: Pecharunt|89\/100\n|move|p1a: Slowking|Future Sight|p2a: Pecharunt\n|-start|p1a: Slowking|move: Future Sight\n|\n|upkeep\n|turn|18\n|\n|t:|1770177920\n|switch|p1a: Ting-Lu|Ting-Lu|100\/100\n|-damage|p1a: Ting-Lu|88\/100|[from] Spikes\n|-ability|p1a: Ting-Lu|Vessel of Ruin\n|move|p2a: Pecharunt|Foul Play|p1a: Ting-Lu\n|-resisted|p1a: Ting-Lu\n|-damage|p1a: Ting-Lu|79\/100\n|\n|-heal|p1a: Ting-Lu|85\/100|[from] item: Leftovers\n|upkeep\n|turn|19\n|\n|t:|1770177931\n|move|p2a: Pecharunt|Malignant Chain|p1a: Ting-Lu\n|-resisted|p1a: Ting-Lu\n|-damage|p1a: Ting-Lu|78\/100\n|move|p1a: Ting-Lu|Earthquake|p2a: Pecharunt\n|-damage|p2a: Pecharunt|70\/100\n|\n|-end|p2a: Pecharunt|move: Future Sight\n|-immune|p2a: Pecharunt\n|-heal|p1a: Ting-Lu|85\/100|[from] item: Leftovers\n|upkeep\n|turn|20\n|\n|t:|1770177944\n|move|p2a: Pecharunt|Parting Shot|p1a: Ting-Lu\n|-unboost|p1a: Ting-Lu|atk|1\n|-unboost|p1a: Ting-Lu|spa|1\n|\n|t:|1770177956\n|switch|p2a: Gliscor|Gliscor, F|34\/100 tox|[from] Parting Shot\n|-damage|p2a: Gliscor|21\/100 tox|[from] Stealth Rock\n|move|p1a: Ting-Lu|Whirlwind|p2a: Gliscor\n|drag|p2a: Blissey|Blissey, F|67\/100\n|\n|-heal|p1a: Ting-Lu|91\/100|[from] item: Leftovers\n|upkeep\n|turn|21\n|\n|t:|1770177974\n|move|p2a: Blissey|Stealth Rock|p1a: Ting-Lu\n|-sidestart|p1: Rundown2|move: Stealth Rock\n|move|p1a: Ting-Lu|Ruination|p2a: Blissey\n|-damage|p2a: Blissey|34\/100\n|\n|-heal|p1a: Ting-Lu|97\/100|[from] item: Leftovers\n|upkeep\n|turn|22\n|\n|t:|1770177986\n|move|p2a: Blissey|Soft-Boiled|p2a: Blissey\n|-heal|p2a: Blissey|84\/100\n|move|p1a: Ting-Lu|Ruination|p2a: Blissey|[miss]\n|-miss|p1a: Ting-Lu|p2a: Blissey\n|\n|-heal|p1a: Ting-Lu|100\/100|[from] item: Leftovers\n|upkeep\n|turn|23\n|\n|t:|1770177997\n|switch|p2a: Pecharunt|Pecharunt, tera:Dark|70\/100\n|move|p1a: Ting-Lu|Ruination|p2a: Pecharunt\n|-damage|p2a: Pecharunt|35\/100\n|\n|upkeep\n|turn|24\n|\n|t:|1770178008\n|move|p2a: Pecharunt|Recover|p2a: Pecharunt\n|-heal|p2a: Pecharunt|85\/100\n|move|p1a: Ting-Lu|Ruination|p2a: Pecharunt|[miss]\n|-miss|p1a: Ting-Lu|p2a: Pecharunt\n|\n|upkeep\n|turn|25\n|\n|t:|1770178019\n|move|p2a: Pecharunt|Malignant Chain|p1a: Ting-Lu\n|-resisted|p1a: Ting-Lu\n|-damage|p1a: Ting-Lu|93\/100\n|move|p1a: Ting-Lu|Ruination|p2a: Pecharunt\n|-damage|p2a: Pecharunt|43\/100\n|\n|-heal|p1a: Ting-Lu|99\/100|[from] item: Leftovers\n|upkeep\n|turn|26\n|inactive|Rundown2 has 120 seconds left.\n|\n|t:|1770178033\n|switch|p1a: Gholdengo|Gholdengo, tera:Fairy|39\/100\n|-damage|p1a: Gholdengo|26\/100|[from] Spikes\n|-damage|p1a: Gholdengo|14\/100|[from] Stealth Rock\n|move|p2a: Pecharunt|Recover|p2a: Pecharunt\n|-heal|p2a: Pecharunt|93\/100\n|\n|upkeep\n|turn|27\n|inactive|Rundown2 has 120 seconds left.\n|\n|t:|1770178045\n|switch|p2a: Blissey|Blissey, F|84\/100\n|move|p1a: Gholdengo|Dazzling Gleam|p2a: Blissey\n|-damage|p2a: Blissey|71\/100\n|\n|upkeep\n|turn|28\n|\n|t:|1770178057\n|switch|p2a: Walking Wake|Walking Wake|100\/100\n|move|p1a: Gholdengo|Dazzling Gleam|p2a: Walking Wake\n|-supereffective|p2a: Walking Wake\n|-damage|p2a: Walking Wake|3\/100\n|\n|upkeep\n|turn|29\n|\n|t:|1770178068\n|-end|p2a: Walking Wake|Protosynthesis|[silent]\n|switch|p2a: Blissey|Blissey, F|71\/100\n|move|p1a: Gholdengo|Dazzling Gleam|p2a: Blissey\n|-damage|p2a: Blissey|58\/100\n|\n|upkeep\n|turn|30\n|\n|t:|1770178079\n|switch|p2a: Pecharunt|Pecharunt, tera:Dark|93\/100\n|move|p1a: Gholdengo|Dazzling Gleam|p2a: Pecharunt\n|-supereffective|p2a: Pecharunt\n|-damage|p2a: Pecharunt|4\/100\n|\n|upkeep\n|turn|31\n|\n|t:|1770178090\n|switch|p2a: Blissey|Blissey, F|58\/100\n|move|p1a: Gholdengo|Dazzling Gleam|p2a: Blissey\n|-damage|p2a: Blissey|45\/100\n|\n|upkeep\n|turn|32\n|\n|t:|1770178101\n|switch|p2a: Gliscor|Gliscor, F|21\/100 tox\n|-damage|p2a: Gliscor|9\/100 tox|[from] Stealth Rock\n|move|p1a: Gholdengo|Dazzling Gleam|p2a: Gliscor\n|-damage|p2a: Gliscor|0 fnt\n|faint|p2a: Gliscor\n|\n|upkeep\n|inactive|ALL CHUNG has 120 seconds left.\n|\n|t:|1770178117\n|switch|p2a: Blissey|Blissey, F|45\/100\n|turn|33\n|inactive|ALL CHUNG has 120 seconds left.\n|\n|t:|1770178128\n|switch|p2a: Walking Wake|Walking Wake|3\/100\n|move|p1a: Gholdengo|Dazzling Gleam|p2a: Walking Wake\n|-supereffective|p2a: Walking Wake\n|-damage|p2a: Walking Wake|0 fnt\n|faint|p2a: Walking Wake\n|-end|p2a: Walking Wake|Protosynthesis|[silent]\n|\n|upkeep\n|\n|t:|1770178139\n|switch|p2a: Blissey|Blissey, F|45\/100\n|turn|34\n|\n|t:|1770178150\n|switch|p2a: Ogerpon|Ogerpon, F|100\/100\n|move|p1a: Gholdengo|Dazzling Gleam|p2a: Ogerpon\n|-damage|p2a: Ogerpon|54\/100\n|\n|upkeep\n|turn|35\n|\n|t:|1770178161\n|move|p1a: Gholdengo|Dazzling Gleam|p2a: Ogerpon\n|-damage|p2a: Ogerpon|4\/100\n|move|p2a: Ogerpon|U-turn|p1a: Gholdengo\n|-resisted|p1a: Gholdengo\n|-damage|p1a: Gholdengo|1\/100\n|\n|t:|1770178174\n|switch|p2a: Blissey|Blissey, F|45\/100|[from] U-turn\n|\n|upkeep\n|turn|36\n|\n|t:|1770178185\n|switch|p2a: Corviknight|Corviknight, F|100\/100\n|-ability|p2a: Corviknight|Pressure\n|move|p1a: Gholdengo|Dazzling Gleam|p2a: Corviknight\n|-resisted|p2a: Corviknight\n|-damage|p2a: Corviknight|79\/100\n|\n|upkeep\n|turn|37\n|\n|t:|1770178196\n|move|p1a: Gholdengo|Dazzling Gleam|p2a: Corviknight\n|-resisted|p2a: Corviknight\n|-damage|p2a: Corviknight|56\/100\n|move|p2a: Corviknight|U-turn|p1a: Gholdengo\n|-resisted|p1a: Gholdengo\n|-damage|p1a: Gholdengo|0 fnt\n|faint|p1a: Gholdengo\n|\n|t:|1770178207\n|switch|p2a: Ogerpon|Ogerpon, F|4\/100|[from] U-turn\n|\n|upkeep\n|\n|t:|1770178213\n|switch|p1a: Dragonite|Dragonite, M, shiny|100\/100\n|turn|38\n|\n|t:|1770178224\n|switch|p2a: Corviknight|Corviknight, F|56\/100\n|-ability|p2a: Corviknight|Pressure\n|move|p1a: Dragonite|Dragon Dance|p1a: Dragonite\n|-boost|p1a: Dragonite|atk|1\n|-boost|p1a: Dragonite|spe|1\n|\n|upkeep\n|turn|39\n|\n|t:|1770178240\n|move|p1a: Dragonite|Extreme Speed|p2a: Corviknight\n|-resisted|p2a: Corviknight\n|-damage|p2a: Corviknight|40\/100\n|move|p2a: Corviknight|Body Press|p1a: Dragonite\n|-resisted|p1a: Dragonite\n|-damage|p1a: Dragonite|94\/100\n|\n|upkeep\n|turn|40\n|\n|t:|1770178259\n|switch|p1a: Slowking|Slowking-Galar, M, shiny|100\/100\n|-damage|p1a: Slowking|88\/100|[from] Spikes\n|-damage|p1a: Slowking|76\/100|[from] Stealth Rock\n|move|p2a: Corviknight|Body Press|p1a: Slowking\n|-resisted|p1a: Slowking\n|-damage|p1a: Slowking|71\/100\n|\n|upkeep\n|turn|41\n|\n|t:|1770178287\n|move|p2a: Corviknight|Roost|p2a: Corviknight\n|-heal|p2a: Corviknight|90\/100\n|-singleturn|p2a: Corviknight|move: Roost\n|move|p1a: Slowking|Future Sight|p2a: Corviknight\n|-start|p1a: Slowking|move: Future Sight\n|\n|upkeep\n|turn|42\n|\n|t:|1770178298\n|move|p2a: Corviknight|U-turn|p1a: Slowking\n|-damage|p1a: Slowking|61\/100\n|inactive|ALL CHUNG has 90 seconds left.\n|\n|t:|1770178311\n|switch|p2a: Pecharunt|Pecharunt, tera:Dark|4\/100|[from] U-turn\n|move|p1a: Slowking|Ice Beam|p2a: Pecharunt\n|-damage|p2a: Pecharunt|0 fnt\n|faint|p2a: Pecharunt\n|\n|upkeep\n|inactive|ALL CHUNG has 90 seconds left.\n|\n|t:|1770178322\n|switch|p2a: Blissey|Blissey, F|45\/100\n|turn|43\n|inactive|ALL CHUNG has 90 seconds left.\n|\n|t:|1770178333\n|move|p2a: Blissey|Soft-Boiled|p2a: Blissey\n|-heal|p2a: Blissey|95\/100\n|move|p1a: Slowking|Sludge Bomb|p2a: Blissey\n|-damage|p2a: Blissey|86\/100\n|-status|p2a: Blissey|psn\n|\n|-end|p2a: Blissey|move: Future Sight\n|-damage|p2a: Blissey|71\/100 psn\n|-damage|p2a: Blissey|58\/100 psn|[from] psn\n|upkeep\n|turn|44\n|inactive|ALL CHUNG has 90 seconds left.\n|\n|t:|1770178347\n|move|p2a: Blissey|Soft-Boiled|p2a: Blissey\n|-heal|p2a: Blissey|100\/100 psn\n|move|p1a: Slowking|Ice Beam|p2a: Blissey\n|-damage|p2a: Blissey|94\/100 psn\n|\n|-damage|p2a: Blissey|81\/100 psn|[from] psn\n|upkeep\n|turn|45\n|inactive|ALL CHUNG has 90 seconds left.\n|\n|t:|1770178360\n|move|p2a: Blissey|Seismic Toss|p1a: Slowking\n|-damage|p1a: Slowking|35\/100\n|move|p1a: Slowking|Ice Beam|p2a: Blissey\n|-damage|p2a: Blissey|75\/100 psn\n|\n|-damage|p2a: Blissey|62\/100 psn|[from] psn\n|upkeep\n|turn|46\n|inactive|ALL CHUNG has 90 seconds left.\n|\n|t:|1770178387\n|switch|p1a: Dragonite|Dragonite, M, shiny|94\/100\n|move|p2a: Blissey|Seismic Toss|p1a: Dragonite\n|-damage|p1a: Dragonite|65\/100\n|\n|-damage|p2a: Blissey|50\/100 psn|[from] psn\n|upkeep\n|turn|47\n|inactive|ALL CHUNG has 90 seconds left.\n|\n|t:|1770178404\n|move|p1a: Dragonite|Dragon Dance|p1a: Dragonite\n|-boost|p1a: Dragonite|atk|1\n|-boost|p1a: Dragonite|spe|1\n|move|p2a: Blissey|Seismic Toss|p1a: Dragonite\n|-damage|p1a: Dragonite|36\/100\n|\n|-damage|p2a: Blissey|37\/100 psn|[from] psn\n|upkeep\n|turn|48\n|\n|t:|1770178420\n|-curestatus|p2a: Blissey|psn|[from] ability: Natural Cure\n|switch|p2a: Corviknight|Corviknight, F|90\/100\n|-ability|p2a: Corviknight|Pressure\n|move|p1a: Dragonite|Extreme Speed|p2a: Corviknight\n|-resisted|p2a: Corviknight\n|-damage|p2a: Corviknight|76\/100\n|\n|upkeep\n|turn|49\n|\n|t:|1770178437\n|move|p1a: Dragonite|Roost|p1a: Dragonite\n|-heal|p1a: Dragonite|86\/100\n|-singleturn|p1a: Dragonite|move: Roost\n|move|p2a: Corviknight|Body Press|p1a: Dragonite\n|-damage|p1a: Dragonite|60\/100\n|\n|upkeep\n|turn|50\n|\n|t:|1770178456\n|move|p1a: Dragonite|Roost|p1a: Dragonite\n|-heal|p1a: Dragonite|100\/100\n|-singleturn|p1a: Dragonite|move: Roost\n|move|p2a: Corviknight|Body Press|p1a: Dragonite\n|-damage|p1a: Dragonite|87\/100\n|\n|upkeep\n|turn|51\n|inactive|ALL CHUNG has 60 seconds left.\n|\n|t:|1770178472\n|move|p1a: Dragonite|Dragon Dance|p1a: Dragonite\n|-boost|p1a: Dragonite|atk|1\n|-boost|p1a: Dragonite|spe|1\n|move|p2a: Corviknight|U-turn|p1a: Dragonite\n|-resisted|p1a: Dragonite\n|-damage|p1a: Dragonite|80\/100\n|inactive|ALL CHUNG has 60 seconds left.\n|\n|t:|1770178488\n|switch|p2a: Blissey|Blissey, F|37\/100|[from] U-turn\n|\n|upkeep\n|turn|52\n|\n|t:|1770178504\n|switch|p2a: Corviknight|Corviknight, F|76\/100\n|-ability|p2a: Corviknight|Pressure\n|move|p1a: Dragonite|Dragon Dance|p1a: Dragonite\n|-boost|p1a: Dragonite|atk|1\n|-boost|p1a: Dragonite|spe|1\n|\n|upkeep\n|turn|53\n|\n|t:|1770178515\n|move|p1a: Dragonite|Dragon Dance|p1a: Dragonite\n|-boost|p1a: Dragonite|atk|1\n|-boost|p1a: Dragonite|spe|1\n|move|p2a: Corviknight|Body Press|p1a: Dragonite\n|-resisted|p1a: Dragonite\n|-damage|p1a: Dragonite|67\/100\n|\n|upkeep\n|turn|54\n|\n|t:|1770178521\n|move|p1a: Dragonite|Roost|p1a: Dragonite\n|-heal|p1a: Dragonite|100\/100\n|-singleturn|p1a: Dragonite|move: Roost\n|move|p2a: Corviknight|Body Press|p1a: Dragonite\n|-damage|p1a: Dragonite|88\/100\n|\n|upkeep\n|turn|55\n|inactive|ALL CHUNG has 60 seconds left.\n|\n|t:|1770178538\n|move|p1a: Dragonite|Dragon Dance|p1a: Dragonite\n|-boost|p1a: Dragonite|atk|1\n|-boost|p1a: Dragonite|spe|1\n|move|p2a: Corviknight|Body Press|p1a: Dragonite\n|-resisted|p1a: Dragonite\n|-damage|p1a: Dragonite|74\/100\n|\n|upkeep\n|turn|56\n|inactive|ALL CHUNG has 60 seconds left.\n|\n|t:|1770178554\n|move|p1a: Dragonite|Dragon Dance|p1a: Dragonite\n|-boost|p1a: Dragonite|atk|1\n|-boost|p1a: Dragonite|spe|1\n|move|p2a: Corviknight|Body Press|p1a: Dragonite\n|-resisted|p1a: Dragonite\n|-damage|p1a: Dragonite|59\/100\n|\n|upkeep\n|turn|57\n|inactive|ALL CHUNG has 60 seconds left.\n|\n|t:|1770178570\n|move|p1a: Dragonite|Dragon Dance|p1a: Dragonite\n|-boost|p1a: Dragonite|atk|0\n|-boost|p1a: Dragonite|spe|0\n|move|p2a: Corviknight|Body Press|p1a: Dragonite\n|-resisted|p1a: Dragonite\n|-damage|p1a: Dragonite|45\/100\n|\n|upkeep\n|turn|58\n|\n|t:|1770178588\n|move|p1a: Dragonite|Roost|p1a: Dragonite\n|-heal|p1a: Dragonite|96\/100\n|-singleturn|p1a: Dragonite|move: Roost\n|move|p2a: Corviknight|Body Press|p1a: Dragonite\n|-damage|p1a: Dragonite|70\/100\n|\n|upkeep\n|turn|59\n|\n|t:|1770178596\n|move|p1a: Dragonite|Extreme Speed|p2a: Corviknight\n|-resisted|p2a: Corviknight\n|-damage|p2a: Corviknight|33\/100\n|move|p2a: Corviknight|Body Press|p1a: Dragonite\n|-resisted|p1a: Dragonite\n|-damage|p1a: Dragonite|58\/100\n|\n|upkeep\n|turn|60\n|\n|t:|1770178602\n|switch|p2a: Blissey|Blissey, F|37\/100\n|move|p1a: Dragonite|Roost|p1a: Dragonite\n|-heal|p1a: Dragonite|100\/100\n|-singleturn|p1a: Dragonite|move: Roost\n|\n|upkeep\n|turn|61\n|inactive|ALL CHUNG has 60 seconds left.\n|\n|t:|1770178618\n|switch|p2a: Corviknight|Corviknight, F|33\/100\n|-ability|p2a: Corviknight|Pressure\n|move|p1a: Dragonite|Extreme Speed|p2a: Corviknight\n|-resisted|p2a: Corviknight\n|-damage|p2a: Corviknight|0 fnt\n|faint|p2a: Corviknight\n|\n|upkeep\n|inactive|ALL CHUNG has 60 seconds left.\n|\n|t:|1770178633\n|switch|p2a: Blissey|Blissey, F|37\/100\n|turn|62\n|\n|t:|1770178647\n|move|p1a: Dragonite|Earthquake|p2a: Blissey\n|-damage|p2a: Blissey|0 fnt\n|faint|p2a: Blissey\n|\n|upkeep\n|\n|t:|1770178650\n|switch|p2a: Ogerpon|Ogerpon, F|4\/100\n|turn|63\n|\n|t:|1770178654\n|move|p1a: Dragonite|Earthquake|p2a: Ogerpon\n|-resisted|p2a: Ogerpon\n|-damage|p2a: Ogerpon|0 fnt\n|faint|p2a: Ogerpon\n|\n|win|Rundown2\n|raw|Rundown2's rating: 1282 &rarr; <strong>1313<\/strong><br \/>(+31 for winning)\n|raw|ALL CHUNG's rating: 1365 &rarr; <strong>1340<\/strong><br \/>(-25 for losing)\n|c|\u2606ALL CHUNG|gg\n|c|\u2606ALL CHUNG|ttv\/mfabso\n","uploadtime":1770178655,"views":0,"formatid":"gen9ou","rating":1313,"private":1,"password":"xu4y6mbheklv1vwy11gkflu1nqs4m6l"}
