{"id": "gen9ou-2532439620", "format": "[Gen 9] OU", "players": ["ThatRandomMikuFan", "ALL CHUNG"], "log": "|j|\u2606ThatRandomMikuFan\n|j|\u2606ALL CHUNG\n|t:|1770176685\n|gametype|singles\n|player|p1|ThatRandomMikuFan|169|1240\n|player|p2|ALL CHUNG|crasherwake|1227\n|gen|9\n|tier|[Gen 9] OU\n|rated|\n|rule|HP Percentage Mod: HP is shown in percentages\n|rule|Endless Battle Clause: Forcing endless battles is banned\n|rule|Species Clause: Limit one of each Pok\u00e9mon\n|rule|OHKO Clause: OHKO moves are banned\n|rule|Evasion Items Clause: Evasion items are banned\n|rule|Evasion Moves Clause: Evasion moves are banned\n|rule|Evasion Abilities Clause: Evasion abilities are banned\n|rule|Sleep Moves Clause: Sleep-inducing moves are banned\n|clearpoke\n|poke|p1|Iron Treads|\n|poke|p1|Darkrai|\n|poke|p1|Sylveon, F|\n|poke|p1|Slowking, M|\n|poke|p1|Meowscarada, F|\n|poke|p1|Garchomp, F|\n|poke|p2|Gliscor, F|\n|poke|p2|Ogerpon, F|\n|poke|p2|Walking Wake|\n|poke|p2|Blissey, F|\n|poke|p2|Corviknight, M|\n|poke|p2|Pecharunt|\n|teampreview\n|inactive|Battle timer is ON: inactive players will automatically lose when time's up. (requested by ALL CHUNG)\n|j| CHUNGMIGHT\n|\n|t:|1770176694\n|teamsize|p1|6\n|teamsize|p2|6\n|start\n|switch|p1a: Meowscarada|Meowscarada, F|100/100\n|switch|p2a: Gliscor|Gliscor, F|100/100\n|turn|1\n|\n|t:|1770176705\n|move|p2a: Gliscor|Protect|p2a: Gliscor\n|-singleturn|p2a: Gliscor|Protect\n|move|p1a: Meowscarada|Knock Off|p2a: Gliscor\n|-start|p1a: Meowscarada|typechange|Dark|[from] ability: Protean\n|-activate|p2a: Gliscor|move: Protect\n|\n|-status|p2a: Gliscor|tox|[from] item: Toxic Orb\n|upkeep\n|turn|2\n|\n|t:|1770176715\n|switch|p1a: Slowking|Slowking, M|100/100\n|move|p2a: Gliscor|Spikes|p1a: Slowking\n|-sidestart|p1: ThatRandomMikuFan|Spikes\n|\n|upkeep\n|turn|3\n|\n|t:|1770176726\n|move|p2a: Gliscor|Spikes|p1a: Slowking\n|-sidestart|p1: ThatRandomMikuFan|Spikes\n|move|p1a: Slowking|Ice Beam|p2a: Gliscor\n|-supereffective|p2a: Gliscor\n|-damage|p2a: Gliscor|26/100 tox\n|\n|-heal|p2a: Gliscor|38/100 tox|[from] ability: Poison Heal\n|upkeep\n|turn|4\n|\n|t:|1770176740\n|switch|p2a: Blissey|Blissey, F|100/100\n|-prepare|p1a: Slowking|Chilly Reception|[premajor]\n|move|p1a: Slowking|Chilly Reception|p1a: Slowking\n|-weather|Snowscape\n|\n|t:|1770176745\n|switch|p1a: Iron Treads|Iron Treads|100/100|[from] Chilly Reception\n|-item|p1a: Iron Treads|Air Balloon\n|\n|-weather|Snowscape|[upkeep]\n|upkeep\n|turn|5\n|\n|t:|1770176756\n|switch|p2a: Pecharunt|Pecharunt|100/100\n|move|p1a: Iron Treads|Rapid Spin|p2a: Pecharunt\n|-immune|p2a: Pecharunt\n|\n|-weather|Snowscape|[upkeep]\n|upkeep\n|turn|6\n|\n|t:|1770176767\n|move|p1a: Iron Treads|Knock Off|p2a: Pecharunt\n|-supereffective|p2a: Pecharunt\n|-damage|p2a: Pecharunt|74/100\n|-enditem|p2a: Pecharunt|Heavy-Duty Boots|[from] move: Knock Off|[of] p1a: Iron Treads\n|move|p2a: Pecharunt|Foul Play|p1a: Iron Treads\n|-damage|p1a: Iron Treads|72/100\n|-enditem|p1a: Iron Treads|Air Balloon\n|\n|-weather|Snowscape|[upkeep]\n|upkeep\n|turn|7\n|\n|t:|1770176780\n|-end|p1a: Iron Treads|Quark Drive|[silent]\n|switch|p1a: Darkrai|Darkrai|100/100\n|-damage|p1a: Darkrai|84/100|[from] Spikes\n|move|p2a: Pecharunt|Recover|p2a: Pecharunt\n|-heal|p2a: Pecharunt|100/100\n|\n|-weather|Snowscape|[upkeep]\n|upkeep\n|turn|8\n|\n|t:|1770176791\n|switch|p2a: Blissey|Blissey, F|100/100\n|move|p1a: Darkrai|Will-O-Wisp|p2a: Blissey\n|-status|p2a: Blissey|brn\n|\n|-weather|none\n|-damage|p2a: Blissey|94/100 brn|[from] brn\n|upkeep\n|turn|9\n|\n|t:|1770176802\n|switch|p1a: Garchomp|Garchomp, F|100/100\n|-damage|p1a: Garchomp|84/100|[from] Spikes\n|move|p2a: Blissey|Stealth Rock|p1a: Garchomp\n|-sidestart|p1: ThatRandomMikuFan|move: Stealth Rock\n|\n|-damage|p2a: Blissey|88/100 brn|[from] brn\n|upkeep\n|turn|10\n|\n|t:|1770176813\n|-curestatus|p2a: Blissey|brn|[from] ability: Natural Cure\n|switch|p2a: Gliscor|Gliscor, F|38/100 tox\n|move|p1a: Garchomp|Stealth Rock|p2a: Gliscor\n|-sidestart|p2: ALL CHUNG|move: Stealth Rock\n|\n|-heal|p2a: Gliscor|51/100 tox|[from] ability: Poison Heal\n|upkeep\n|turn|11\n|\n|t:|1770176824\n|move|p2a: Gliscor|Protect|p2a: Gliscor\n|-singleturn|p2a: Gliscor|Protect\n|move|p1a: Garchomp|Spikes|p2a: Gliscor\n|-sidestart|p2: ALL CHUNG|Spikes\n|\n|-heal|p2a: Gliscor|63/100 tox|[from] ability: Poison Heal\n|upkeep\n|turn|12\n|\n|t:|1770176835\n|move|p1a: Garchomp|Spikes|p2a: Gliscor\n|-sidestart|p2: ALL CHUNG|Spikes\n|move|p2a: Gliscor|Toxic|p1a: Garchomp\n|-status|p1a: Garchomp|tox\n|\n|-damage|p1a: Garchomp|78/100 tox|[from] psn\n|-heal|p2a: Gliscor|76/100 tox|[from] ability: Poison Heal\n|upkeep\n|turn|13\n|\n|t:|1770176845\n|move|p1a: Garchomp|Spikes|p2a: Gliscor\n|-sidestart|p2: ALL CHUNG|Spikes\n|move|p2a: Gliscor|Earthquake|p1a: Garchomp\n|-crit|p1a: Garchomp\n|-damage|p1a: Garchomp|43/100 tox\n|\n|-damage|p1a: Garchomp|31/100 tox|[from] psn\n|-heal|p2a: Gliscor|88/100 tox|[from] ability: Poison Heal\n|upkeep\n|turn|14\n|\n|t:|1770176857\n|switch|p1a: Slowking|Slowking, M|100/100\n|move|p2a: Gliscor|Spikes|p1a: Slowking\n|-sidestart|p1: ThatRandomMikuFan|Spikes\n|\n|-heal|p2a: Gliscor|100/100 tox|[from] ability: Poison Heal\n|upkeep\n|turn|15\n|\n|t:|1770176868\n|switch|p2a: Blissey|Blissey, F|88/100\n|-prepare|p1a: Slowking|Chilly Reception|[premajor]\n|move|p1a: Slowking|Chilly Reception|p1a: Slowking\n|-weather|Snowscape\n|\n|t:|1770176873\n|switch|p1a: Darkrai|Darkrai|84/100|[from] Chilly Reception\n|-damage|p1a: Darkrai|59/100|[from] Spikes\n|-damage|p1a: Darkrai|47/100|[from] Stealth Rock\n|\n|-weather|Snowscape|[upkeep]\n|upkeep\n|turn|16\n|\n|t:|1770176884\n|move|p1a: Darkrai|Trick|p2a: Blissey\n|-activate|p1a: Darkrai|move: Trick|[of] p2a: Blissey\n|-item|p2a: Blissey|Choice Scarf|[from] move: Trick\n|-item|p1a: Darkrai|Heavy-Duty Boots|[from] move: Trick\n|move|p2a: Blissey|Seismic Toss|p1a: Darkrai\n|-damage|p1a: Darkrai|11/100\n|\n|-weather|Snowscape|[upkeep]\n|upkeep\n|turn|17\n|\n|t:|1770176896\n|switch|p1a: Sylveon|Sylveon, F|100/100\n|-damage|p1a: Sylveon|76/100|[from] Spikes\n|-damage|p1a: Sylveon|63/100|[from] Stealth Rock\n|move|p2a: Blissey|Seismic Toss|p1a: Sylveon\n|-damage|p1a: Sylveon|38/100\n|\n|-weather|Snowscape|[upkeep]\n|-heal|p1a: Sylveon|44/100|[from] item: Leftovers\n|upkeep\n|turn|18\n|\n|t:|1770176908\n|move|p2a: Blissey|Seismic Toss|p1a: Sylveon\n|-damage|p1a: Sylveon|18/100\n|move|p1a: Sylveon|Wish|p1a: Sylveon\n|\n|-weather|Snowscape|[upkeep]\n|-heal|p1a: Sylveon|25/100|[from] item: Leftovers\n|upkeep\n|turn|19\n|inactive|ThatRandomMikuFan has 120 seconds left.\n|\n|t:|1770176965\n|move|p1a: Sylveon|Protect|p1a: Sylveon\n|-singleturn|p1a: Sylveon|Protect\n|move|p2a: Blissey|Seismic Toss|p1a: Sylveon\n|-activate|p1a: Sylveon|move: Protect\n|\n|-weather|none\n|-heal|p1a: Sylveon|74/100|[from] move: Wish|[wisher] Sylveon\n|-heal|p1a: Sylveon|81/100|[from] item: Leftovers\n|upkeep\n|turn|20\n|\n|t:|1770176976\n|switch|p2a: Ogerpon|Ogerpon, F|100/100\n|move|p1a: Sylveon|Wish|p1a: Sylveon\n|\n|-heal|p1a: Sylveon|87/100|[from] item: Leftovers\n|upkeep\n|turn|21\n|\n|t:|1770176997\n|switch|p1a: Meowscarada|Meowscarada, F|100/100\n|-damage|p1a: Meowscarada|76/100|[from] Spikes\n|-damage|p1a: Meowscarada|63/100|[from] Stealth Rock\n|move|p2a: Ogerpon|Encore||[still]\n|-fail|p2a: Ogerpon\n|\n|-heal|p1a: Meowscarada|100/100|[from] move: Wish|[wisher] Sylveon\n|upkeep\n|turn|22\n|\n|t:|1770177013\n|switch|p2a: Corviknight|Corviknight, M|100/100\n|-ability|p2a: Corviknight|Pressure\n|move|p1a: Meowscarada|U-turn|p2a: Corviknight\n|-start|p1a: Meowscarada|typechange|Bug|[from] ability: Protean\n|-resisted|p2a: Corviknight\n|-damage|p2a: Corviknight|92/100\n|inactive|ThatRandomMikuFan has 90 seconds left.\n|\n|t:|1770177029\n|switch|p1a: Darkrai|Darkrai|11/100|[from] U-turn\n|\n|upkeep\n|turn|23\n|inactive|ThatRandomMikuFan has 90 seconds left.\n|\n|t:|1770177040\n|move|p1a: Darkrai|Will-O-Wisp|p2a: Corviknight\n|-status|p2a: Corviknight|brn\n|move|p2a: Corviknight|U-turn|p1a: Darkrai\n|-supereffective|p1a: Darkrai\n|-damage|p1a: Darkrai|0 fnt\n|faint|p1a: Darkrai\n|\n|t:|1770177052\n|switch|p2a: Ogerpon|Ogerpon, F|100/100|[from] U-turn\n|\n|upkeep\n|\n|t:|1770177061\n|switch|p1a: Meowscarada|Meowscarada, F|100/100\n|-damage|p1a: Meowscarada|76/100|[from] Spikes\n|-damage|p1a: Meowscarada|63/100|[from] Stealth Rock\n|turn|24\n|\n|t:|1770177077\n|switch|p2a: Gliscor|Gliscor, F|100/100 tox\n|-damage|p2a: Gliscor|88/100 tox|[from] Stealth Rock\n|move|p1a: Meowscarada|Knock Off|p2a: Gliscor\n|-start|p1a: Meowscarada|typechange|Dark|[from] ability: Protean\n|-damage|p2a: Gliscor|39/100 tox\n|-enditem|p2a: Gliscor|Toxic Orb|[from] move: Knock Off|[of] p1a: Meowscarada\n|\n|-heal|p2a: Gliscor|51/100 tox|[from] ability: Poison Heal\n|upkeep\n|turn|25\n|\n|t:|1770177090\n|switch|p1a: Garchomp|Garchomp, F|31/100 tox\n|-damage|p1a: Garchomp|6/100 tox|[from] Spikes\n|-damage|p1a: Garchomp|0 fnt|[from] Stealth Rock\n|faint|p1a: Garchomp\n|move|p2a: Gliscor|Earthquake|p1: Garchomp|[notarget]\n|-fail|p2a: Gliscor\n|\n|-heal|p2a: Gliscor|64/100 tox|[from] ability: Poison Heal\n|upkeep\n|\n|t:|1770177099\n|switch|p1a: Iron Treads|Iron Treads|72/100\n|-damage|p1a: Iron Treads|48/100|[from] Spikes\n|-damage|p1a: Iron Treads|44/100|[from] Stealth Rock\n|turn|26\n|\n|t:|1770177111\n|-terastallize|p2a: Gliscor|Ghost\n|move|p1a: Iron Treads|Ice Spinner|p2a: Gliscor\n|-damage|p2a: Gliscor|43/100 tox\n|move|p2a: Gliscor|Earthquake|p1a: Iron Treads\n|-supereffective|p1a: Iron Treads\n|-damage|p1a: Iron Treads|0 fnt\n|faint|p1a: Iron Treads\n|-end|p1a: Iron Treads|Quark Drive|[silent]\n|\n|-heal|p2a: Gliscor|55/100 tox|[from] ability: Poison Heal\n|upkeep\n|\n|t:|1770177119\n|switch|p1a: Meowscarada|Meowscarada, F|63/100\n|-damage|p1a: Meowscarada|38/100|[from] Spikes\n|-damage|p1a: Meowscarada|26/100|[from] Stealth Rock\n|turn|27\n|-message|ThatRandomMikuFan forfeited.\n|\n|win|ALL CHUNG\n|raw|ThatRandomMikuFan's rating: 1240 &rarr; <strong>1216</strong><br />(-24 for losing)\n|raw|ALL CHUNG's rating: 1253 &rarr; <strong>1277</strong><br />(+24 for winning)\n|l|\u2606ThatRandomMikuFan\n|player|p1|\n|c|\u2606ALL CHUNG|gg\n|c|\u2606ALL CHUNG|ttv/mfabso\n", "uploadtime": 1770177131, "views": 4, "formatid": "gen9ou", "rating": 1216, "private": 0, "password": null}