{"id": "gen9ou-2532444609", "format": "[Gen 9] OU", "players": ["ALL CHUNG", "Catsandfleas"], "log": "|j|\u2606ALL CHUNG\n|j|\u2606Catsandfleas\n|t:|1770177385\n|gametype|singles\n|player|p1|ALL CHUNG|crasherwake|1300\n|player|p2|Catsandfleas|169|1317\n|gen|9\n|tier|[Gen 9] OU\n|rated|\n|rule|HP Percentage Mod: HP is shown in percentages\n|rule|Endless Battle Clause: Forcing endless battles is banned\n|rule|Species Clause: Limit one of each Pok\u00e9mon\n|rule|OHKO Clause: OHKO moves are banned\n|rule|Evasion Items Clause: Evasion items are banned\n|rule|Evasion Moves Clause: Evasion moves are banned\n|rule|Evasion Abilities Clause: Evasion abilities are banned\n|rule|Sleep Moves Clause: Sleep-inducing moves are banned\n|clearpoke\n|poke|p1|Corviknight, M|\n|poke|p1|Ting-Lu|\n|poke|p1|Kyurem|\n|poke|p1|Dondozo, M|\n|poke|p1|Slowking-Galar, F|\n|poke|p1|Cinderace, M|\n|poke|p2|Zapdos|\n|poke|p2|Grimmsnarl, M|\n|poke|p2|Great Tusk|\n|poke|p2|Rillaboom, M|\n|poke|p2|Blastoise, M|\n|poke|p2|Weezing-Galar, F|\n|teampreview\n|inactive|Battle timer is ON: inactive players will automatically lose when time's up. (requested by Catsandfleas)\n|inactive|ALL CHUNG also wants the timer to be on.\n|j| CHUNGMIGHT\n|\n|t:|1770177408\n|teamsize|p1|6\n|teamsize|p2|6\n|start\n|switch|p1a: Cinderace|Cinderace, M|100/100\n|switch|p2a: Great Tusk|Great Tusk|100/100\n|-enditem|p2a: Great Tusk|Booster Energy\n|-activate|p2a: Great Tusk|ability: Protosynthesis|[fromitem]\n|-start|p2a: Great Tusk|protosynthesisatk\n|turn|1\n|\n|t:|1770177419\n|move|p1a: Cinderace|U-turn|p2a: Great Tusk\n|-resisted|p2a: Great Tusk\n|-damage|p2a: Great Tusk|95/100\n|\n|t:|1770177431\n|switch|p1a: Corviknight|Corviknight, M|100/100|[from] U-turn\n|-ability|p1a: Corviknight|Pressure\n|move|p2a: Great Tusk|Rapid Spin|p1a: Corviknight\n|-resisted|p1a: Corviknight\n|-damage|p1a: Corviknight|93/100\n|-boost|p2a: Great Tusk|spe|1\n|-damage|p2a: Great Tusk|78/100|[from] item: Rocky Helmet|[of] p1a: Corviknight\n|\n|upkeep\n|turn|2\n|\n|t:|1770177448\n|move|p2a: Great Tusk|Stealth Rock|p1a: Corviknight\n|-sidestart|p1: ALL CHUNG|move: Stealth Rock\n|move|p1a: Corviknight|Brave Bird|p2a: Great Tusk\n|-supereffective|p2a: Great Tusk\n|-damage|p2a: Great Tusk|31/100\n|-damage|p1a: Corviknight|76/100|[from] Recoil\n|\n|upkeep\n|turn|3\n|\n|t:|1770177465\n|-end|p2a: Great Tusk|Protosynthesis|[silent]\n|switch|p2a: Zapdos|Zapdos|100/100\n|move|p1a: Corviknight|Brave Bird|p2a: Zapdos\n|-resisted|p2a: Zapdos\n|-damage|p2a: Zapdos|87/100\n|-damage|p1a: Corviknight|72/100|[from] Recoil\n|\n|upkeep\n|turn|4\n|\n|t:|1770177478\n|switch|p1a: Ting-Lu|Ting-Lu|100/100\n|-damage|p1a: Ting-Lu|94/100|[from] Stealth Rock\n|-ability|p1a: Ting-Lu|Vessel of Ruin\n|move|p2a: Zapdos|Light Screen|p2a: Zapdos\n|-sidestart|p2: Catsandfleas|move: Light Screen\n|\n|-heal|p1a: Ting-Lu|100/100|[from] item: Leftovers\n|upkeep\n|turn|5\n|\n|t:|1770177497\n|switch|p1a: Cinderace|Cinderace, M|100/100\n|move|p2a: Zapdos|U-turn|p1a: Cinderace\n|-resisted|p1a: Cinderace\n|-damage|p1a: Cinderace|92/100\n|\n|t:|1770177504\n|switch|p2a: Great Tusk|Great Tusk|31/100|[from] U-turn\n|\n|upkeep\n|turn|6\n|\n|t:|1770177515\n|move|p1a: Cinderace|Court Change|p1a: Cinderace\n|-swapsideconditions\n|-activate|p1a: Cinderace|move: Court Change\n|move|p2a: Great Tusk|Rapid Spin|p1a: Cinderace\n|-damage|p1a: Cinderace|70/100\n|-boost|p2a: Great Tusk|spe|1\n|-sideend|p2: Catsandfleas|Stealth Rock|[from] move: Rapid Spin|[of] p2a: Great Tusk\n|\n|upkeep\n|turn|7\n|\n|t:|1770177531\n|switch|p1a: Corviknight|Corviknight, M|72/100\n|-ability|p1a: Corviknight|Pressure\n|move|p2a: Great Tusk|Stealth Rock|p1a: Corviknight\n|-sidestart|p1: ALL CHUNG|move: Stealth Rock\n|\n|upkeep\n|turn|8\n|inactive|ALL CHUNG has 120 seconds left.\n|\n|t:|1770177547\n|-end|p2a: Great Tusk|Protosynthesis|[silent]\n|switch|p2a: Zapdos|Zapdos|87/100\n|move|p1a: Corviknight|Brave Bird|p2a: Zapdos\n|-resisted|p2a: Zapdos\n|-damage|p2a: Zapdos|74/100\n|-damage|p1a: Corviknight|68/100|[from] Recoil\n|\n|-sideend|p1: ALL CHUNG|move: Light Screen\n|upkeep\n|turn|9\n|inactive|ALL CHUNG has 120 seconds left.\n|\n|t:|1770177558\n|switch|p1a: Ting-Lu|Ting-Lu|100/100\n|-damage|p1a: Ting-Lu|94/100|[from] Stealth Rock\n|-ability|p1a: Ting-Lu|Vessel of Ruin\n|move|p2a: Zapdos|Thunderbolt|p1a: Ting-Lu\n|-immune|p1a: Ting-Lu\n|\n|-heal|p1a: Ting-Lu|100/100|[from] item: Leftovers\n|upkeep\n|turn|10\n|inactive|ALL CHUNG has 120 seconds left.\n|\n|t:|1770177569\n|move|p2a: Zapdos|U-turn|p1a: Ting-Lu\n|-supereffective|p1a: Ting-Lu\n|-damage|p1a: Ting-Lu|85/100\n|\n|t:|1770177596\n|switch|p2a: Weezing|Weezing-Galar, F|100/100|[from] U-turn\n|-fieldstart|move: Misty Terrain|[from] ability: Misty Surge|[of] p2a: Weezing\n|move|p1a: Ting-Lu|Payback|p2a: Weezing\n|-resisted|p2a: Weezing\n|-damage|p2a: Weezing|91/100\n|\n|-heal|p1a: Ting-Lu|91/100|[from] item: Leftovers\n|upkeep\n|turn|11\n|inactive|Catsandfleas has 120 seconds left.\n|\n|t:|1770177613\n|move|p2a: Weezing|Strange Steam|p1a: Ting-Lu\n|-supereffective|p1a: Ting-Lu\n|-damage|p1a: Ting-Lu|60/100\n|move|p1a: Ting-Lu|Payback|p2a: Weezing\n|-resisted|p2a: Weezing\n|-damage|p2a: Weezing|72/100\n|\n|-heal|p1a: Ting-Lu|67/100|[from] item: Leftovers\n|upkeep\n|turn|12\n|inactive|Catsandfleas has 120 seconds left.\n|\n|t:|1770177627\n|switch|p1a: Cinderace|Cinderace, M|70/100\n|move|p2a: Weezing|Strange Steam|p1a: Cinderace\n|-resisted|p1a: Cinderace\n|-damage|p1a: Cinderace|47/100\n|\n|upkeep\n|turn|13\n|inactive|Catsandfleas has 120 seconds left.\n|\n|t:|1770177638\n|switch|p2a: Zapdos|Zapdos|74/100\n|move|p1a: Cinderace|Court Change|p1a: Cinderace\n|-swapsideconditions\n|-activate|p1a: Cinderace|move: Court Change\n|\n|upkeep\n|turn|14\n|inactive|Catsandfleas has 120 seconds left.\n|inactive|ALL CHUNG has 120 seconds left.\n|\n|t:|1770177656\n|switch|p1a: Kyurem|Kyurem|100/100\n|-ability|p1a: Kyurem|Pressure\n|move|p2a: Zapdos|Light Screen|p2a: Zapdos\n|-sidestart|p2: Catsandfleas|move: Light Screen\n|\n|upkeep\n|turn|15\n|inactive|Catsandfleas has 120 seconds left.\n|inactive|ALL CHUNG has 120 seconds left.\n|\n|t:|1770177672\n|move|p1a: Kyurem|Freeze-Dry|p2a: Zapdos\n|-supereffective|p2a: Zapdos\n|-damage|p2a: Zapdos|42/100\n|move|p2a: Zapdos|Thunderbolt|p1a: Kyurem\n|-resisted|p1a: Kyurem\n|-damage|p1a: Kyurem|83/100\n|\n|-heal|p1a: Kyurem|89/100|[from] item: Leftovers\n|upkeep\n|turn|16\n|inactive|ALL CHUNG has 120 seconds left.\n|inactive|Catsandfleas has 120 seconds left.\n|\n|t:|1770177689\n|move|p1a: Kyurem|Freeze-Dry|p2a: Zapdos\n|-supereffective|p2a: Zapdos\n|-damage|p2a: Zapdos|11/100\n|move|p2a: Zapdos|U-turn|p1a: Kyurem\n|-damage|p1a: Kyurem|77/100\n|inactive|Catsandfleas has 120 seconds left.\n|\n|t:|1770177695\n|switch|p2a: Grimmsnarl|Grimmsnarl, M, shiny|100/100|[from] U-turn\n|-damage|p2a: Grimmsnarl|88/100|[from] Stealth Rock\n|\n|-heal|p1a: Kyurem|83/100|[from] item: Leftovers\n|upkeep\n|turn|17\n|inactive|ALL CHUNG has 120 seconds left.\n|\n|t:|1770177705\n|switch|p1a: Corviknight|Corviknight, M|68/100\n|-ability|p1a: Corviknight|Pressure\n|move|p2a: Grimmsnarl|Fake Out|p1a: Corviknight\n|-resisted|p1a: Corviknight\n|-damage|p1a: Corviknight|65/100\n|-damage|p2a: Grimmsnarl|72/100|[from] item: Rocky Helmet|[of] p1a: Corviknight\n|\n|-fieldend|Misty Terrain\n|upkeep\n|turn|18\n|inactive|ALL CHUNG has 120 seconds left.\n|\n|t:|1770177719\n|move|p2a: Grimmsnarl|Parting Shot|p1a: Corviknight\n|-unboost|p1a: Corviknight|atk|1\n|-unboost|p1a: Corviknight|spa|1\n|\n|t:|1770177722\n|switch|p2a: Great Tusk|Great Tusk|31/100|[from] Parting Shot\n|-damage|p2a: Great Tusk|28/100|[from] Stealth Rock\n|move|p1a: Corviknight|U-turn|p2a: Great Tusk\n|-resisted|p2a: Great Tusk\n|-damage|p2a: Great Tusk|25/100\n|inactive|ALL CHUNG has 120 seconds left.\n|\n|t:|1770177734\n|switch|p1a: Kyurem|Kyurem|83/100|[from] U-turn\n|-ability|p1a: Kyurem|Pressure\n|\n|-heal|p1a: Kyurem|90/100|[from] item: Leftovers\n|-sideend|p2: Catsandfleas|move: Light Screen\n|upkeep\n|turn|19\n|inactive|ALL CHUNG has 120 seconds left.\n|\n|t:|1770177749\n|-terastallize|p2a: Great Tusk|Steel\n|move|p1a: Kyurem|Freeze-Dry|p2a: Great Tusk\n|-resisted|p2a: Great Tusk\n|-damage|p2a: Great Tusk|2/100\n|move|p2a: Great Tusk|Rapid Spin|p1a: Kyurem\n|-damage|p1a: Kyurem|73/100\n|-boost|p2a: Great Tusk|spe|1\n|-sideend|p2: Catsandfleas|Stealth Rock|[from] move: Rapid Spin|[of] p2a: Great Tusk\n|\n|-heal|p1a: Kyurem|79/100|[from] item: Leftovers\n|upkeep\n|turn|20\n|\n|t:|1770177765\n|switch|p1a: Corviknight|Corviknight, M|65/100\n|-ability|p1a: Corviknight|Pressure\n|move|p2a: Great Tusk|Earthquake|p1a: Corviknight\n|-immune|p1a: Corviknight\n|\n|upkeep\n|turn|21\n|\n|t:|1770177782\n|move|p2a: Great Tusk|Iron Head|p1a: Corviknight\n|-resisted|p1a: Corviknight\n|-damage|p1a: Corviknight|53/100\n|-damage|p2a: Great Tusk|0 fnt|[from] item: Rocky Helmet|[of] p1a: Corviknight\n|faint|p2a: Great Tusk\n|-end|p2a: Great Tusk|Protosynthesis|[silent]\n|cant|p1a: Corviknight|flinch\n|\n|upkeep\n|\n|t:|1770177790\n|switch|p2a: Blastoise|Blastoise, M, shiny|100/100\n|turn|22\n|\n|t:|1770177801\n|move|p2a: Blastoise|Shell Smash|p2a: Blastoise\n|-unboost|p2a: Blastoise|def|1\n|-unboost|p2a: Blastoise|spd|1\n|-boost|p2a: Blastoise|atk|2\n|-boost|p2a: Blastoise|spa|2\n|-boost|p2a: Blastoise|spe|2\n|-enditem|p2a: Blastoise|White Herb\n|-clearnegativeboost|p2a: Blastoise|[silent]\n|move|p1a: Corviknight|Roost|p1a: Corviknight\n|-heal|p1a: Corviknight|100/100\n|-singleturn|p1a: Corviknight|move: Roost\n|\n|upkeep\n|turn|23\n|\n|t:|1770177816\n|-terastallize|p1a: Corviknight|Dragon\n|move|p2a: Blastoise|Shell Smash|p2a: Blastoise\n|-unboost|p2a: Blastoise|def|1\n|-unboost|p2a: Blastoise|spd|1\n|-boost|p2a: Blastoise|atk|2\n|-boost|p2a: Blastoise|spa|2\n|-boost|p2a: Blastoise|spe|2\n|move|p1a: Corviknight|Brave Bird|p2a: Blastoise\n|-damage|p2a: Blastoise|47/100\n|-damage|p1a: Corviknight|84/100|[from] Recoil\n|\n|upkeep\n|turn|24\n|inactive|ALL CHUNG has 90 seconds left.\n|\n|t:|1770177837\n|move|p2a: Blastoise|Ice Spinner|p1a: Corviknight\n|-supereffective|p1a: Corviknight\n|-damage|p1a: Corviknight|27/100\n|-damage|p2a: Blastoise|31/100|[from] item: Rocky Helmet|[of] p1a: Corviknight\n|move|p1a: Corviknight|Brave Bird|p2a: Blastoise\n|-damage|p2a: Blastoise|0 fnt\n|faint|p2a: Blastoise\n|-damage|p1a: Corviknight|18/100|[from] Recoil\n|\n|upkeep\n|\n|t:|1770177857\n|switch|p2a: Weezing|Weezing-Galar, F|72/100\n|-fieldstart|move: Misty Terrain|[from] ability: Misty Surge|[of] p2a: Weezing\n|turn|25\n|\n|t:|1770177868\n|move|p1a: Corviknight|Brave Bird|p2a: Weezing\n|-damage|p2a: Weezing|33/100\n|-damage|p1a: Corviknight|9/100|[from] Recoil\n|move|p2a: Weezing|Strange Steam|p1a: Corviknight\n|-supereffective|p1a: Corviknight\n|-damage|p1a: Corviknight|0 fnt\n|faint|p1a: Corviknight\n|\n|upkeep\n|inactive|ALL CHUNG has 90 seconds left.\n|\n|t:|1770177879\n|switch|p1a: Kyurem|Kyurem|79/100\n|-ability|p1a: Kyurem|Pressure\n|turn|26\n|inactive|ALL CHUNG has 90 seconds left.\n|\n|t:|1770177895\n|move|p1a: Kyurem|Freeze-Dry|p2a: Weezing\n|-damage|p2a: Weezing|0 fnt\n|faint|p2a: Weezing\n|\n|-heal|p1a: Kyurem|85/100|[from] item: Leftovers\n|upkeep\n|\n|t:|1770177906\n|switch|p2a: Grimmsnarl|Grimmsnarl, M, shiny|72/100\n|turn|27\n|inactive|ALL CHUNG has 90 seconds left.\n|\n|t:|1770177917\n|switch|p1a: Slowking|Slowking-Galar, F|100/100\n|move|p2a: Grimmsnarl|Fake Out|p1a: Slowking\n|-damage|p1a: Slowking|93/100\n|\n|upkeep\n|turn|28\n|inactive|ALL CHUNG has 90 seconds left.\n|\n|t:|1770177930\n|move|p2a: Grimmsnarl|Parting Shot|p1a: Slowking\n|-unboost|p1a: Slowking|atk|1\n|-unboost|p1a: Slowking|spa|1\n|\n|t:|1770177934\n|switch|p2a: Zapdos|Zapdos|11/100|[from] Parting Shot\n|move|p1a: Slowking|Sludge Bomb|p2a: Zapdos\n|-damage|p2a: Zapdos|0 fnt\n|faint|p2a: Zapdos\n|\n|upkeep\n|\n|t:|1770177940\n|switch|p2a: Rillaboom|Rillaboom, M|100/100\n|-fieldstart|move: Grassy Terrain|[from] ability: Grassy Surge|[of] p2a: Rillaboom\n|-enditem|p2a: Rillaboom|Grassy Seed\n|-boost|p2a: Rillaboom|def|1|[from] item: Grassy Seed\n|turn|29\n|\n|t:|1770177951\n|move|p2a: Rillaboom|Swords Dance|p2a: Rillaboom\n|-boost|p2a: Rillaboom|atk|2\n|move|p1a: Slowking|Sludge Bomb|p2a: Rillaboom\n|-supereffective|p2a: Rillaboom\n|-damage|p2a: Rillaboom|52/100\n|\n|-heal|p2a: Rillaboom|59/100|[from] Grassy Terrain\n|-heal|p1a: Slowking|99/100|[from] Grassy Terrain\n|upkeep\n|turn|30\n|\n|t:|1770177968\n|move|p2a: Rillaboom|Body Slam|p1a: Slowking\n|-damage|p1a: Slowking|55/100\n|move|p1a: Slowking|Sludge Bomb|p2a: Rillaboom\n|-supereffective|p2a: Rillaboom\n|-damage|p2a: Rillaboom|18/100\n|\n|-heal|p2a: Rillaboom|24/100|[from] Grassy Terrain\n|-heal|p1a: Slowking|61/100|[from] Grassy Terrain\n|upkeep\n|turn|31\n|inactive|ALL CHUNG has 90 seconds left.\n|\n|t:|1770177985\n|move|p2a: Rillaboom|Grassy Glide|p1a: Slowking\n|-resisted|p1a: Slowking\n|-damage|p1a: Slowking|33/100\n|move|p1a: Slowking|Sludge Bomb|p2a: Rillaboom\n|-supereffective|p2a: Rillaboom\n|-damage|p2a: Rillaboom|0 fnt\n|faint|p2a: Rillaboom\n|\n|-heal|p1a: Slowking|40/100|[from] Grassy Terrain\n|upkeep\n|\n|t:|1770177994\n|switch|p2a: Grimmsnarl|Grimmsnarl, M, shiny|72/100\n|turn|32\n|\n|t:|1770178005\n|move|p2a: Grimmsnarl|Sucker Punch|p1a: Slowking\n|-supereffective|p1a: Slowking\n|-damage|p1a: Slowking|2/100\n|move|p1a: Slowking|Sludge Bomb|p2a: Grimmsnarl\n|-supereffective|p2a: Grimmsnarl\n|-damage|p2a: Grimmsnarl|36/100\n|\n|-heal|p2a: Grimmsnarl|42/100|[from] Grassy Terrain\n|-heal|p1a: Slowking|8/100|[from] Grassy Terrain\n|upkeep\n|turn|33\n|\n|t:|1770178018\n|switch|p1a: Ting-Lu|Ting-Lu|67/100\n|-ability|p1a: Ting-Lu|Vessel of Ruin\n|move|p2a: Grimmsnarl|Sucker Punch||[still]\n|-fail|p2a: Grimmsnarl\n|\n|-heal|p2a: Grimmsnarl|48/100|[from] Grassy Terrain\n|-heal|p1a: Ting-Lu|73/100|[from] Grassy Terrain\n|-heal|p1a: Ting-Lu|79/100|[from] item: Leftovers\n|-fieldend|move: Grassy Terrain\n|upkeep\n|turn|34\n|\n|t:|1770178028\n|move|p2a: Grimmsnarl|Sucker Punch|p1a: Ting-Lu\n|-resisted|p1a: Ting-Lu\n|-damage|p1a: Ting-Lu|72/100\n|move|p1a: Ting-Lu|Earthquake|p2a: Grimmsnarl\n|-damage|p2a: Grimmsnarl|1/100\n|\n|-heal|p1a: Ting-Lu|78/100|[from] item: Leftovers\n|upkeep\n|turn|35\n|\n|t:|1770178037\n|move|p2a: Grimmsnarl|Fake Out||[still]\n|-hint|Fake Out only works on your first turn out.\n|-fail|p2a: Grimmsnarl\n|move|p1a: Ting-Lu|Earthquake|p2a: Grimmsnarl\n|-damage|p2a: Grimmsnarl|0 fnt\n|faint|p2a: Grimmsnarl\n|\n|win|ALL CHUNG\n|raw|ALL CHUNG's rating: 1305 &rarr; <strong>1326</strong><br />(+21 for winning)\n|raw|Catsandfleas's rating: 1317 &rarr; <strong>1296</strong><br />(-21 for losing)\n|c|\u2606ALL CHUNG|gg\n|c|\u2606ALL CHUNG|ttv/mfabso\n", "uploadtime": 1770178039, "views": 3, "formatid": "gen9ou", "rating": 1296, "private": 0, "password": null}