{"id": "gen9ou-2532451815", "format": "[Gen 9] OU", "players": ["ALL CHUNG", "Chickawah4410"], "log": "|j|\u2606ALL CHUNG\n|j|\u2606Chickawah4410\n|t:|1770178452\n|gametype|singles\n|player|p1|ALL CHUNG|crasherwake|1365\n|player|p2|Chickawah4410|red|1405\n|gen|9\n|tier|[Gen 9] OU\n|rated|\n|rule|HP Percentage Mod: HP is shown in percentages\n|rule|Endless Battle Clause: Forcing endless battles is banned\n|rule|Species Clause: Limit one of each Pok\u00e9mon\n|rule|OHKO Clause: OHKO moves are banned\n|rule|Evasion Items Clause: Evasion items are banned\n|rule|Evasion Moves Clause: Evasion moves are banned\n|rule|Evasion Abilities Clause: Evasion abilities are banned\n|rule|Sleep Moves Clause: Sleep-inducing moves are banned\n|clearpoke\n|poke|p1|Corviknight, F|\n|poke|p1|Ting-Lu|\n|poke|p1|Kyurem|\n|poke|p1|Dondozo, M|\n|poke|p1|Slowking-Galar, F|\n|poke|p1|Cinderace, M|\n|poke|p2|Tyranitar, M|\n|poke|p2|Hydrapple, F|\n|poke|p2|Alomomola, M|\n|poke|p2|Slowking-Galar, M|\n|poke|p2|Samurott-Hisui, F|\n|poke|p2|Great Tusk|\n|teampreview\n|inactive|Battle timer is ON: inactive players will automatically lose when time's up. (requested by ALL CHUNG)\n|j| CHUNGMIGHT\n|\n|t:|1770178462\n|teamsize|p1|6\n|teamsize|p2|6\n|start\n|switch|p1a: Corviknight|Corviknight, F|100/100\n|switch|p2a: Samurott|Samurott-Hisui, F|100/100\n|-ability|p1a: Corviknight|Pressure\n|turn|1\n|\n|t:|1770178473\n|move|p2a: Samurott|Ceaseless Edge|p1a: Corviknight\n|-damage|p1a: Corviknight|74/100\n|-damage|p2a: Samurott|84/100|[from] item: Rocky Helmet|[of] p1a: Corviknight\n|-sidestart|p1: ALL CHUNG|Spikes\n|move|p1a: Corviknight|U-turn|p2a: Samurott\n|-supereffective|p2a: Samurott\n|-damage|p2a: Samurott|50/100\n|\n|t:|1770178487\n|switch|p1a: Kyurem|Kyurem|100/100|[from] U-turn\n|-damage|p1a: Kyurem|88/100|[from] Spikes\n|-ability|p1a: Kyurem|Pressure\n|\n|-heal|p1a: Kyurem|94/100|[from] item: Leftovers\n|upkeep\n|turn|2\n|\n|t:|1770178497\n|switch|p2a: Tyranitar|Tyranitar, M|100/100\n|-weather|Sandstorm|[from] ability: Sand Stream|[of] p2a: Tyranitar\n|move|p1a: Kyurem|Freeze-Dry|p2a: Tyranitar\n|-damage|p2a: Tyranitar|87/100\n|\n|-weather|Sandstorm|[upkeep]\n|-damage|p1a: Kyurem|88/100|[from] Sandstorm\n|-heal|p1a: Kyurem|94/100|[from] item: Leftovers\n|-heal|p2a: Tyranitar|93/100|[from] item: Leftovers\n|upkeep\n|turn|3\n|\n|t:|1770178516\n|switch|p1a: Corviknight|Corviknight, F|74/100\n|-ability|p1a: Corviknight|Pressure\n|move|p2a: Tyranitar|Stealth Rock|p1a: Corviknight\n|-sidestart|p1: ALL CHUNG|move: Stealth Rock\n|\n|-weather|Sandstorm|[upkeep]\n|-heal|p2a: Tyranitar|99/100|[from] item: Leftovers\n|upkeep\n|turn|4\n|\n|t:|1770178539\n|switch|p2a: Alomomola|Alomomola, M|100/100\n|move|p1a: Corviknight|Defog|p2a: Alomomola\n|-unboost|p2a: Alomomola|evasion|1\n|-sideend|p1: ALL CHUNG|Spikes|[from] move: Defog|[of] p1a: Corviknight\n|-sideend|p1: ALL CHUNG|Stealth Rock|[from] move: Defog|[of] p1a: Corviknight\n|\n|-weather|Sandstorm|[upkeep]\n|-damage|p2a: Alomomola|94/100|[from] Sandstorm\n|upkeep\n|turn|5\n|\n|t:|1770178550\n|move|p1a: Corviknight|Roost|p1a: Corviknight\n|-heal|p1a: Corviknight|100/100\n|-singleturn|p1a: Corviknight|move: Roost\n|move|p2a: Alomomola|Scald|p1a: Corviknight\n|-damage|p1a: Corviknight|88/100\n|\n|-weather|Sandstorm|[upkeep]\n|-damage|p2a: Alomomola|88/100|[from] Sandstorm\n|upkeep\n|turn|6\n|\n|t:|1770178563\n|switch|p1a: Kyurem|Kyurem|94/100\n|-ability|p1a: Kyurem|Pressure\n|move|p2a: Alomomola|Wish|p2a: Alomomola\n|\n|-weather|none\n|-heal|p1a: Kyurem|100/100|[from] item: Leftovers\n|upkeep\n|turn|7\n|\n|t:|1770178574\n|switch|p1a: Dondozo|Dondozo, M|100/100\n|switch|p2a: Tyranitar|Tyranitar, M|99/100\n|-weather|Sandstorm|[from] ability: Sand Stream|[of] p2a: Tyranitar\n|\n|-weather|Sandstorm|[upkeep]\n|-damage|p1a: Dondozo|94/100|[from] Sandstorm\n|-heal|p2a: Tyranitar|100/100|[from] move: Wish|[wisher] Alomomola\n|-heal|p1a: Dondozo|100/100|[from] item: Leftovers\n|upkeep\n|turn|8\n|\n|t:|1770178585\n|switch|p2a: Hydrapple|Hydrapple, F|100/100\n|move|p1a: Dondozo|Body Press|p2a: Hydrapple\n|-damage|p2a: Hydrapple|89/100\n|-damage|p1a: Dondozo|84/100|[from] item: Rocky Helmet|[of] p2a: Hydrapple\n|\n|-weather|Sandstorm|[upkeep]\n|-damage|p2a: Hydrapple|83/100|[from] Sandstorm\n|-damage|p1a: Dondozo|78/100|[from] Sandstorm\n|-heal|p1a: Dondozo|84/100|[from] item: Leftovers\n|upkeep\n|turn|9\n|\n|t:|1770178599\n|switch|p1a: Slowking|Slowking-Galar, F|100/100\n|move|p2a: Hydrapple|Nasty Plot|p2a: Hydrapple\n|-boost|p2a: Hydrapple|spa|2\n|\n|-weather|Sandstorm|[upkeep]\n|-damage|p2a: Hydrapple|77/100|[from] Sandstorm\n|-damage|p1a: Slowking|94/100|[from] Sandstorm\n|upkeep\n|turn|10\n|\n|t:|1770178615\n|switch|p2a: Tyranitar|Tyranitar, M|100/100\n|move|p1a: Slowking|Ice Beam|p2a: Tyranitar\n|-damage|p2a: Tyranitar|92/100\n|\n|-weather|Sandstorm|[upkeep]\n|-damage|p1a: Slowking|88/100|[from] Sandstorm\n|-heal|p2a: Tyranitar|98/100|[from] item: Leftovers\n|upkeep\n|turn|11\n|inactive|Chickawah4410 has 120 seconds left.\n|\n|t:|1770178665\n|switch|p1a: Corviknight|Corviknight, F|88/100\n|-ability|p1a: Corviknight|Pressure\n|move|p2a: Tyranitar|Stealth Rock|p1a: Corviknight\n|-sidestart|p1: ALL CHUNG|move: Stealth Rock\n|\n|-weather|none\n|-heal|p2a: Tyranitar|100/100|[from] item: Leftovers\n|upkeep\n|turn|12\n|\n|t:|1770178676\n|switch|p2a: Slowking|Slowking-Galar, M|100/100\n|move|p1a: Corviknight|Defog|p2a: Slowking\n|-unboost|p2a: Slowking|evasion|1\n|-sideend|p1: ALL CHUNG|Stealth Rock|[from] move: Defog|[of] p1a: Corviknight\n|\n|upkeep\n|turn|13\n|\n|t:|1770178690\n|move|p1a: Corviknight|Roost|p1a: Corviknight\n|-heal|p1a: Corviknight|100/100\n|-singleturn|p1a: Corviknight|move: Roost\n|move|p2a: Slowking|Flamethrower|p1a: Corviknight\n|-supereffective|p1a: Corviknight\n|-damage|p1a: Corviknight|43/100\n|\n|upkeep\n|turn|14\n|\n|t:|1770178705\n|move|p1a: Corviknight|Roost|p1a: Corviknight\n|-heal|p1a: Corviknight|93/100\n|-singleturn|p1a: Corviknight|move: Roost\n|move|p2a: Slowking|Flamethrower|p1a: Corviknight\n|-supereffective|p1a: Corviknight\n|-damage|p1a: Corviknight|37/100\n|\n|upkeep\n|turn|15\n|\n|t:|1770178717\n|move|p1a: Corviknight|U-turn|p2a: Slowking\n|-damage|p2a: Slowking|85/100\n|inactive|ALL CHUNG has 120 seconds left.\n|\n|t:|1770178729\n|switch|p1a: Slowking|Slowking-Galar, F|100/100|[from] U-turn\n|move|p2a: Slowking|Flamethrower|p1a: Slowking\n|-damage|p1a: Slowking|77/100\n|-status|p1a: Slowking|brn\n|\n|-damage|p1a: Slowking|71/100 brn|[from] brn\n|upkeep\n|turn|16\n|inactive|ALL CHUNG has 120 seconds left.\n|\n|t:|1770178741\n|switch|p2a: Tyranitar|Tyranitar, M|100/100\n|-weather|Sandstorm|[from] ability: Sand Stream|[of] p2a: Tyranitar\n|-prepare|p1a: Slowking|Chilly Reception|[premajor]\n|move|p1a: Slowking|Chilly Reception|p1a: Slowking\n|-weather|Snowscape\n|inactive|ALL CHUNG has 120 seconds left.\n|\n|t:|1770178752\n|switch|p1a: Corviknight|Corviknight, F|37/100|[from] Chilly Reception\n|-ability|p1a: Corviknight|Pressure\n|\n|-weather|Snowscape|[upkeep]\n|upkeep\n|turn|17\n|inactive|ALL CHUNG has 120 seconds left.\n|\n|t:|1770178763\n|move|p1a: Corviknight|Roost|p1a: Corviknight\n|-heal|p1a: Corviknight|87/100\n|-singleturn|p1a: Corviknight|move: Roost\n|move|p2a: Tyranitar|Knock Off|p1a: Corviknight\n|-damage|p1a: Corviknight|62/100\n|-damage|p2a: Tyranitar|84/100|[from] item: Rocky Helmet|[of] p1a: Corviknight\n|-enditem|p1a: Corviknight|Rocky Helmet|[from] move: Knock Off|[of] p2a: Tyranitar\n|\n|-weather|Snowscape|[upkeep]\n|-heal|p2a: Tyranitar|90/100|[from] item: Leftovers\n|upkeep\n|turn|18\n|inactive|ALL CHUNG has 120 seconds left.\n|\n|t:|1770178774\n|switch|p2a: Alomomola|Alomomola, M|100/100\n|move|p1a: Corviknight|Roost|p1a: Corviknight\n|-heal|p1a: Corviknight|100/100\n|-singleturn|p1a: Corviknight|move: Roost\n|\n|-weather|Snowscape|[upkeep]\n|upkeep\n|turn|19\n|inactive|ALL CHUNG has 120 seconds left.\n|\n|t:|1770178785\n|switch|p1a: Dondozo|Dondozo, M|84/100\n|move|p2a: Alomomola|Scald|p1a: Dondozo\n|-resisted|p1a: Dondozo\n|-damage|p1a: Dondozo|80/100\n|\n|-weather|Snowscape|[upkeep]\n|-heal|p1a: Dondozo|86/100|[from] item: Leftovers\n|upkeep\n|turn|20\n|inactive|ALL CHUNG has 120 seconds left.\n|\n|t:|1770178805\n|switch|p1a: Kyurem|Kyurem|100/100\n|-ability|p1a: Kyurem|Pressure\n|move|p2a: Alomomola|Flip Turn|p1a: Kyurem\n|-resisted|p1a: Kyurem\n|-damage|p1a: Kyurem|96/100\n|\n|t:|1770178808\n|switch|p2a: Tyranitar|Tyranitar, M|90/100|[from] Flip Turn\n|-weather|Sandstorm|[from] ability: Sand Stream|[of] p2a: Tyranitar\n|\n|-weather|Sandstorm|[upkeep]\n|-damage|p1a: Kyurem|89/100|[from] Sandstorm\n|-heal|p1a: Kyurem|96/100|[from] item: Leftovers\n|-heal|p2a: Tyranitar|96/100|[from] item: Leftovers\n|upkeep\n|turn|21\n|inactive|ALL CHUNG has 120 seconds left.\n|\n|t:|1770178825\n|-terastallize|p1a: Kyurem|Ground\n|move|p1a: Kyurem|Earth Power|p2a: Tyranitar\n|-supereffective|p2a: Tyranitar\n|-damage|p2a: Tyranitar|61/100\n|move|p2a: Tyranitar|Stealth Rock|p1a: Kyurem\n|-sidestart|p1: ALL CHUNG|move: Stealth Rock\n|\n|-weather|Sandstorm|[upkeep]\n|-heal|p1a: Kyurem|100/100|[from] item: Leftovers\n|-heal|p2a: Tyranitar|67/100|[from] item: Leftovers\n|upkeep\n|turn|22\n|\n|t:|1770178842\n|move|p1a: Kyurem|Earth Power|p2a: Tyranitar\n|-supereffective|p2a: Tyranitar\n|-damage|p2a: Tyranitar|28/100\n|move|p2a: Tyranitar|Ice Beam|p1a: Kyurem\n|-supereffective|p1a: Kyurem\n|-damage|p1a: Kyurem|62/100\n|-status|p1a: Kyurem|frz\n|\n|-weather|Sandstorm|[upkeep]\n|-heal|p1a: Kyurem|69/100 frz|[from] item: Leftovers\n|-heal|p2a: Tyranitar|34/100|[from] item: Leftovers\n|upkeep\n|turn|23\n|\n|t:|1770178858\n|switch|p2a: Slowking|Slowking-Galar, M|100/100\n|cant|p1a: Kyurem|frz\n|\n|-weather|Sandstorm|[upkeep]\n|-damage|p2a: Slowking|94/100|[from] Sandstorm\n|-heal|p1a: Kyurem|75/100 frz|[from] item: Leftovers\n|upkeep\n|turn|24\n|\n|t:|1770178874\n|-curestatus|p1a: Kyurem|frz|[msg]\n|move|p1a: Kyurem|Earth Power|p2a: Slowking\n|-supereffective|p2a: Slowking\n|-damage|p2a: Slowking|50/100\n|move|p2a: Slowking|Ice Beam|p1a: Kyurem\n|-supereffective|p1a: Kyurem\n|-damage|p1a: Kyurem|25/100\n|\n|-weather|none\n|-heal|p1a: Kyurem|31/100|[from] item: Leftovers\n|upkeep\n|turn|25\n|inactive|ALL CHUNG has 90 seconds left.\n|\n|t:|1770178891\n|move|p1a: Kyurem|Earth Power|p2a: Slowking\n|-supereffective|p2a: Slowking\n|-damage|p2a: Slowking|3/100\n|move|p2a: Slowking|Ice Beam|p1a: Kyurem\n|-supereffective|p1a: Kyurem\n|-damage|p1a: Kyurem|0 fnt\n|faint|p1a: Kyurem\n|\n|upkeep\n|inactive|ALL CHUNG has 90 seconds left.\n|\n|t:|1770178907\n|switch|p1a: Cinderace|Cinderace, M|100/100\n|turn|26\n|\n|t:|1770178923\n|switch|p2a: Alomomola|Alomomola, M|100/100\n|move|p1a: Cinderace|Court Change|p1a: Cinderace\n|-swapsideconditions\n|-activate|p1a: Cinderace|move: Court Change\n|\n|upkeep\n|turn|27\n|\n|t:|1770178934\n|move|p1a: Cinderace|Will-O-Wisp|p2a: Alomomola\n|-status|p2a: Alomomola|brn\n|move|p2a: Alomomola|Flip Turn|p1a: Cinderace\n|-supereffective|p1a: Cinderace\n|-damage|p1a: Cinderace|82/100\n|\n|t:|1770178959\n|switch|p2a: Great Tusk|Great Tusk|100/100|[from] Flip Turn\n|\n|upkeep\n|turn|28\n|\n|t:|1770178970\n|move|p1a: Cinderace|U-turn|p2a: Great Tusk\n|-resisted|p2a: Great Tusk\n|-damage|p2a: Great Tusk|94/100\n|\n|t:|1770178982\n|switch|p1a: Corviknight|Corviknight, F|100/100|[from] U-turn\n|-ability|p1a: Corviknight|Pressure\n|move|p2a: Great Tusk|Rapid Spin|p1a: Corviknight\n|-resisted|p1a: Corviknight\n|-damage|p1a: Corviknight|95/100\n|-boost|p2a: Great Tusk|spe|1\n|-sideend|p2: Chickawah4410|Stealth Rock|[from] move: Rapid Spin|[of] p2a: Great Tusk\n|\n|upkeep\n|turn|29\n|\n|t:|1770179002\n|-end|p2a: Great Tusk|Protosynthesis|[silent]\n|switch|p2a: Slowking|Slowking-Galar, M|36/100\n|move|p1a: Corviknight|Brave Bird|p2a: Slowking\n|-damage|p2a: Slowking|0 fnt\n|faint|p2a: Slowking\n|-damage|p1a: Corviknight|83/100|[from] Recoil\n|\n|upkeep\n|-message|Chickawah4410 forfeited.\n|\n|win|ALL CHUNG\n|raw|ALL CHUNG's rating: 1340 &rarr; <strong>1364</strong><br />(+24 for winning)\n|raw|Chickawah4410's rating: 1405 &rarr; <strong>1381</strong><br />(-24 for losing)\n|l|\u2606Chickawah4410\n|player|p2|\n|c|\u2606ALL CHUNG|gg\n|c|\u2606ALL CHUNG|ttv/mfabso\n", "uploadtime": 1770179018, "views": 0, "formatid": "gen9ou", "rating": 1364, "private": 1, "password": "w8rndwse464alvt3vhjvomrcu2uy6a7"}