{"id": "gen9ou-2532466087", "format": "[Gen 9] OU", "players": ["bbdouble", "ALL CHUNG"], "log": "|j|\u2606bbdouble\n|j|\u2606ALL CHUNG\n|t:|1770180622\n|gametype|singles\n|player|p1|bbdouble|marley|1350\n|player|p2|ALL CHUNG|crasherwake|1350\n|gen|9\n|tier|[Gen 9] OU\n|rated|\n|rule|HP Percentage Mod: HP is shown in percentages\n|rule|Endless Battle Clause: Forcing endless battles is banned\n|rule|Species Clause: Limit one of each Pok\u00e9mon\n|rule|OHKO Clause: OHKO moves are banned\n|rule|Evasion Items Clause: Evasion items are banned\n|rule|Evasion Moves Clause: Evasion moves are banned\n|rule|Evasion Abilities Clause: Evasion abilities are banned\n|rule|Sleep Moves Clause: Sleep-inducing moves are banned\n|clearpoke\n|poke|p1|Gholdengo|\n|poke|p1|Enamorus, F|\n|poke|p1|Samurott-Hisui, F|\n|poke|p1|Great Tusk|\n|poke|p1|Heatran, F|\n|poke|p1|Dragapult, M|\n|poke|p2|Gliscor, F|\n|poke|p2|Ogerpon, F|\n|poke|p2|Walking Wake|\n|poke|p2|Blissey, F|\n|poke|p2|Corviknight, F|\n|poke|p2|Pecharunt|\n|teampreview\n|inactive|Battle timer is ON: inactive players will automatically lose when time's up. (requested by ALL CHUNG)\n|j| CHUNGMIGHT\n|\n|t:|1770180630\n|teamsize|p1|6\n|teamsize|p2|6\n|start\n|switch|p1a: Ow the Edge|Samurott-Hisui, F|100/100\n|switch|p2a: Gliscor|Gliscor, F|100/100\n|turn|1\n|\n|t:|1770180640\n|move|p1a: Ow the Edge|Ceaseless Edge|p2a: Gliscor\n|-damage|p2a: Gliscor|65/100\n|-sidestart|p2: ALL CHUNG|Spikes\n|move|p2a: Gliscor|Toxic|p1a: Ow the Edge\n|-status|p1a: Ow the Edge|tox\n|\n|-damage|p1a: Ow the Edge|94/100 tox|[from] psn\n|-status|p2a: Gliscor|tox|[from] item: Toxic Orb\n|upkeep\n|turn|2\n|\n|t:|1770180653\n|move|p1a: Ow the Edge|Aqua Cutter|p2a: Gliscor\n|-supereffective|p2a: Gliscor\n|-damage|p2a: Gliscor|0 fnt\n|faint|p2a: Gliscor\n|\n|-damage|p1a: Ow the Edge|82/100 tox|[from] psn\n|upkeep\n|\n|t:|1770180664\n|switch|p2a: Walking Wake|Walking Wake|100/100\n|turn|3\n|\n|t:|1770180680\n|move|p2a: Walking Wake|Surf|p1a: Ow the Edge\n|-resisted|p1a: Ow the Edge\n|-damage|p1a: Ow the Edge|48/100 tox\n|move|p1a: Ow the Edge|Ceaseless Edge|p2a: Walking Wake\n|-damage|p2a: Walking Wake|49/100\n|-sidestart|p2: ALL CHUNG|Spikes\n|\n|-damage|p1a: Ow the Edge|30/100 tox|[from] psn\n|upkeep\n|turn|4\n|\n|t:|1770180698\n|move|p2a: Walking Wake|Surf|p1a: Ow the Edge\n|-resisted|p1a: Ow the Edge\n|-damage|p1a: Ow the Edge|0 fnt\n|faint|p1a: Ow the Edge\n|\n|upkeep\n|\n|t:|1770180704\n|switch|p1a: Zoom|Dragapult, M|100/100\n|turn|5\n|\n|t:|1770180720\n|-terastallize|p2a: Walking Wake|Water\n|move|p1a: Zoom|U-turn|p2a: Walking Wake\n|-damage|p2a: Walking Wake|30/100\n|\n|t:|1770180726\n|switch|p1a: Stacks|Gholdengo|100/100|[from] U-turn\n|-item|p1a: Stacks|Air Balloon\n|move|p2a: Walking Wake|Draco Meteor|p1a: Stacks\n|-resisted|p1a: Stacks\n|-damage|p1a: Stacks|61/100\n|-unboost|p2a: Walking Wake|spa|2\n|-enditem|p1a: Stacks|Air Balloon\n|\n|upkeep\n|turn|6\n|\n|t:|1770180737\n|-end|p2a: Walking Wake|Protosynthesis|[silent]\n|switch|p2a: Blissey|Blissey, F|100/100\n|switch|p1a: Frog|Heatran, F|100/100\n|\n|upkeep\n|turn|7\n|\n|t:|1770180749\n|move|p1a: Frog|Taunt|p2a: Blissey\n|-start|p2a: Blissey|move: Taunt\n|cant|p2a: Blissey|move: Taunt|Stealth Rock\n|\n|upkeep\n|turn|8\n|\n|t:|1770180759\n|move|p1a: Frog|Stealth Rock|p2a: Blissey\n|-sidestart|p2: ALL CHUNG|move: Stealth Rock\n|move|p2a: Blissey|Seismic Toss|p1a: Frog\n|-damage|p1a: Frog|75/100\n|\n|-heal|p1a: Frog|81/100|[from] item: Leftovers\n|upkeep\n|turn|9\n|\n|t:|1770180772\n|move|p1a: Frog|Magma Storm|p2a: Blissey\n|-damage|p2a: Blissey|87/100\n|-activate|p2a: Blissey|move: Magma Storm|[of] p1a: Frog\n|move|p2a: Blissey|Seismic Toss|p1a: Frog\n|-damage|p1a: Frog|55/100\n|\n|-heal|p1a: Frog|61/100|[from] item: Leftovers\n|-damage|p2a: Blissey|75/100|[from] move: Magma Storm|[partiallytrapped]\n|-end|p2a: Blissey|move: Taunt\n|upkeep\n|turn|10\n|\n|t:|1770180784\n|move|p1a: Frog|Taunt|p2a: Blissey\n|-start|p2a: Blissey|move: Taunt\n|move|p2a: Blissey|Seismic Toss|p1a: Frog\n|-damage|p1a: Frog|35/100\n|\n|-heal|p1a: Frog|41/100|[from] item: Leftovers\n|-damage|p2a: Blissey|63/100|[from] move: Magma Storm|[partiallytrapped]\n|upkeep\n|turn|11\n|\n|t:|1770180796\n|move|p1a: Frog|Protect|p1a: Frog\n|-singleturn|p1a: Frog|Protect\n|move|p2a: Blissey|Seismic Toss|p1a: Frog\n|-activate|p1a: Frog|move: Protect\n|\n|-heal|p1a: Frog|48/100|[from] item: Leftovers\n|-damage|p2a: Blissey|50/100|[from] move: Magma Storm|[partiallytrapped]\n|upkeep\n|turn|12\n|\n|t:|1770180806\n|move|p1a: Frog|Magma Storm|p2a: Blissey\n|-damage|p2a: Blissey|35/100\n|move|p2a: Blissey|Seismic Toss|p1a: Frog\n|-damage|p1a: Frog|22/100\n|\n|-heal|p1a: Frog|28/100|[from] item: Leftovers\n|-damage|p2a: Blissey|23/100|[from] move: Magma Storm|[partiallytrapped]\n|-end|p2a: Blissey|move: Taunt\n|upkeep\n|turn|13\n|\n|t:|1770180818\n|move|p1a: Frog|Taunt|p2a: Blissey\n|-start|p2a: Blissey|move: Taunt\n|move|p2a: Blissey|Seismic Toss|p1a: Frog\n|-damage|p1a: Frog|2/100\n|\n|-heal|p1a: Frog|8/100|[from] item: Leftovers\n|-damage|p2a: Blissey|11/100|[from] move: Magma Storm|[partiallytrapped]\n|upkeep\n|turn|14\n|\n|t:|1770180831\n|move|p1a: Frog|Protect|p1a: Frog\n|-singleturn|p1a: Frog|Protect\n|move|p2a: Blissey|Seismic Toss|p1a: Frog\n|-activate|p1a: Frog|move: Protect\n|\n|-heal|p1a: Frog|14/100|[from] item: Leftovers\n|-end|p2a: Blissey|Magma Storm|[partiallytrapped]\n|upkeep\n|turn|15\n|\n|t:|1770180844\n|switch|p1a: Zoom|Dragapult, M|100/100\n|move|p2a: Blissey|Seismic Toss|p1a: Zoom\n|-immune|p1a: Zoom\n|\n|-end|p2a: Blissey|move: Taunt\n|upkeep\n|turn|16\n|\n|t:|1770180855\n|switch|p2a: Corviknight|Corviknight, F|100/100\n|-ability|p2a: Corviknight|Pressure\n|move|p1a: Zoom|U-turn|p2a: Corviknight\n|-resisted|p2a: Corviknight\n|-damage|p2a: Corviknight|98/100\n|\n|t:|1770180858\n|switch|p1a: Stacks|Gholdengo|61/100|[from] U-turn\n|\n|upkeep\n|turn|17\n|\n|t:|1770180868\n|move|p1a: Stacks|Thunder Wave|p2a: Corviknight\n|-status|p2a: Corviknight|par\n|move|p2a: Corviknight|U-turn|p1a: Stacks\n|-resisted|p1a: Stacks\n|-damage|p1a: Stacks|57/100\n|\n|t:|1770180879\n|switch|p2a: Walking Wake|Walking Wake, tera:Water|30/100|[from] U-turn\n|\n|upkeep\n|turn|18\n|\n|t:|1770180893\n|switch|p1a: Frog|Heatran, F|14/100\n|move|p2a: Walking Wake|Surf|p1a: Frog\n|-supereffective|p1a: Frog\n|-damage|p1a: Frog|0 fnt\n|faint|p1a: Frog\n|\n|upkeep\n|\n|t:|1770180898\n|switch|p1a: Love|Enamorus, F|100/100\n|turn|19\n|\n|t:|1770180913\n|-end|p2a: Walking Wake|Protosynthesis|[silent]\n|switch|p2a: Pecharunt|Pecharunt|100/100\n|move|p1a: Love|Moonblast|p2a: Pecharunt\n|-resisted|p2a: Pecharunt\n|-damage|p2a: Pecharunt|76/100\n|\n|upkeep\n|turn|20\n|\n|t:|1770180925\n|move|p1a: Love|Substitute|p1a: Love\n|-start|p1a: Love|Substitute\n|-damage|p1a: Love|76/100\n|move|p2a: Pecharunt|Recover|p2a: Pecharunt\n|-heal|p2a: Pecharunt|100/100\n|\n|-heal|p1a: Love|82/100|[from] item: Leftovers\n|upkeep\n|turn|21\n|\n|t:|1770180936\n|move|p1a: Love|Calm Mind|p1a: Love\n|-boost|p1a: Love|spa|1\n|-boost|p1a: Love|spd|1\n|move|p2a: Pecharunt|Malignant Chain|p1a: Love\n|-supereffective|p1a: Love\n|-end|p1a: Love|Substitute\n|\n|-heal|p1a: Love|88/100|[from] item: Leftovers\n|upkeep\n|turn|22\n|\n|t:|1770180951\n|move|p1a: Love|Substitute|p1a: Love\n|-start|p1a: Love|Substitute\n|-damage|p1a: Love|63/100\n|move|p2a: Pecharunt|Malignant Chain|p1a: Love\n|-supereffective|p1a: Love\n|-end|p1a: Love|Substitute\n|\n|-heal|p1a: Love|69/100|[from] item: Leftovers\n|upkeep\n|turn|23\n|inactive|ALL CHUNG has 120 seconds left.\n|\n|t:|1770180967\n|switch|p2a: Ogerpon|Ogerpon, F|100/100\n|-terastallize|p1a: Love|Ground\n|move|p1a: Love|Substitute|p1a: Love\n|-start|p1a: Love|Substitute\n|-damage|p1a: Love|44/100\n|\n|-heal|p1a: Love|51/100|[from] item: Leftovers\n|upkeep\n|turn|24\n|inactive|ALL CHUNG has 120 seconds left.\n|\n|t:|1770180985\n|move|p2a: Ogerpon|U-turn|p1a: Love\n|-end|p1a: Love|Substitute\n|\n|t:|1770181000\n|switch|p2a: Walking Wake|Walking Wake, tera:Water|30/100|[from] U-turn\n|move|p1a: Love|Moonblast|p2a: Walking Wake\n|-damage|p2a: Walking Wake|0 fnt\n|faint|p2a: Walking Wake\n|-end|p2a: Walking Wake|Protosynthesis|[silent]\n|\n|-heal|p1a: Love|57/100|[from] item: Leftovers\n|upkeep\n|\n|t:|1770181017\n|switch|p2a: Ogerpon|Ogerpon, F|100/100\n|turn|25\n|inactive|ALL CHUNG has 90 seconds left.\n|\n|t:|1770181033\n|switch|p1a: Zoom|Dragapult, M|100/100\n|move|p2a: Ogerpon|Ivy Cudgel|p1a: Zoom\n|-resisted|p1a: Zoom\n|-damage|p1a: Zoom|72/100\n|\n|-heal|p1a: Zoom|79/100|[from] item: Leftovers\n|upkeep\n|turn|26\n|inactive|ALL CHUNG has 90 seconds left.\n|\n|t:|1770181051\n|move|p1a: Zoom|Will-O-Wisp|p2a: Ogerpon|[miss]\n|-miss|p1a: Zoom|p2a: Ogerpon\n|move|p2a: Ogerpon|Knock Off|p1a: Zoom\n|-supereffective|p1a: Zoom\n|-damage|p1a: Zoom|0 fnt\n|-enditem|p1a: Zoom|Leftovers|[from] move: Knock Off|[of] p2a: Ogerpon\n|faint|p1a: Zoom\n|\n|upkeep\n|c|\u2606bbdouble|oof\n|c|\u2606bbdouble|i think thats ggs\n|\n|t:|1770181064\n|switch|p1a: Great Musk|Great Tusk|100/100\n|turn|27\n|inactive|ALL CHUNG has 90 seconds left.\n|\n|t:|1770181080\n|move|p2a: Ogerpon|Ivy Cudgel|p1a: Great Musk\n|-supereffective|p1a: Great Musk\n|-damage|p1a: Great Musk|45/100\n|move|p1a: Great Musk|Rapid Spin|p2a: Ogerpon\n|-damage|p2a: Ogerpon|78/100\n|-boost|p1a: Great Musk|spe|1\n|\n|-heal|p1a: Great Musk|51/100|[from] item: Leftovers\n|upkeep\n|turn|28\n|inactive|ALL CHUNG has 90 seconds left.\n|\n|t:|1770181098\n|move|p1a: Great Musk|Ice Spinner|p2a: Ogerpon\n|-supereffective|p2a: Ogerpon\n|-damage|p2a: Ogerpon|7/100\n|move|p2a: Ogerpon|Ivy Cudgel|p1a: Great Musk\n|-supereffective|p1a: Great Musk\n|-damage|p1a: Great Musk|0 fnt\n|faint|p1a: Great Musk\n|-end|p1a: Great Musk|Protosynthesis|[silent]\n|\n|upkeep\n|-message|bbdouble forfeited.\n|\n|win|ALL CHUNG\n|raw|bbdouble's rating: 1350 &rarr; <strong>1329</strong><br />(-21 for losing)\n|raw|ALL CHUNG's rating: 1333 &rarr; <strong>1354</strong><br />(+21 for winning)\n|c|\u2606ALL CHUNG|gg\n|l|\u2606bbdouble\n|player|p1|\n|c|\u2606ALL CHUNG|ttv/mfabso\n", "uploadtime": 1770181106, "views": 2, "formatid": "gen9ou", "rating": 1329, "private": 0, "password": null}