{"id": "gen9ou-2532435982", "format": "[Gen 9] OU", "players": ["ALL CHUNG", "TheAghori"], "log": "|j|\u2606ALL CHUNG\n|j|\u2606TheAghori\n|t:|1770176184\n|gametype|singles\n|player|p1|ALL CHUNG|crasherwake|1211\n|player|p2|TheAghori|red|1238\n|gen|9\n|tier|[Gen 9] OU\n|rated|\n|rule|HP Percentage Mod: HP is shown in percentages\n|rule|Endless Battle Clause: Forcing endless battles is banned\n|rule|Species Clause: Limit one of each Pok\u00e9mon\n|rule|OHKO Clause: OHKO moves are banned\n|rule|Evasion Items Clause: Evasion items are banned\n|rule|Evasion Moves Clause: Evasion moves are banned\n|rule|Evasion Abilities Clause: Evasion abilities are banned\n|rule|Sleep Moves Clause: Sleep-inducing moves are banned\n|clearpoke\n|poke|p1|Corviknight, F|\n|poke|p1|Ting-Lu|\n|poke|p1|Kyurem|\n|poke|p1|Dondozo, F|\n|poke|p1|Slowking-Galar, F|\n|poke|p1|Cinderace, M|\n|poke|p2|Rotom-Wash|\n|poke|p2|Great Tusk|\n|poke|p2|Iron Crown|\n|poke|p2|Lokix, F|\n|poke|p2|Slowking-Galar, F|\n|poke|p2|Landorus-Therian, M|\n|teampreview\n|inactive|Battle timer is ON: inactive players will automatically lose when time's up. (requested by ALL CHUNG)\n|j| CHUNGMIGHT\n|\n|t:|1770176195\n|teamsize|p1|6\n|teamsize|p2|6\n|start\n|switch|p1a: Cinderace|Cinderace, M|100/100\n|switch|p2a: Landorus|Landorus-Therian, M|100/100\n|-ability|p2a: Landorus|Intimidate|boost\n|-unboost|p1a: Cinderace|atk|1\n|turn|1\n|\n|t:|1770176205\n|move|p1a: Cinderace|Will-O-Wisp|p2a: Landorus|[miss]\n|-miss|p1a: Cinderace|p2a: Landorus\n|move|p2a: Landorus|Stealth Rock|p1a: Cinderace\n|-sidestart|p1: ALL CHUNG|move: Stealth Rock\n|\n|upkeep\n|turn|2\n|\n|t:|1770176216\n|move|p1a: Cinderace|Will-O-Wisp|p2a: Landorus\n|-status|p2a: Landorus|brn\n|move|p2a: Landorus|Earthquake|p1a: Cinderace\n|-supereffective|p1a: Cinderace\n|-damage|p1a: Cinderace|43/100\n|\n|-damage|p2a: Landorus|94/100 brn|[from] brn\n|upkeep\n|turn|3\n|\n|t:|1770176228\n|move|p1a: Cinderace|Court Change|p1a: Cinderace\n|-swapsideconditions\n|-activate|p1a: Cinderace|move: Court Change\n|move|p2a: Landorus|Taunt|p1a: Cinderace\n|-start|p1a: Cinderace|move: Taunt\n|\n|-damage|p2a: Landorus|88/100 brn|[from] brn\n|upkeep\n|turn|4\n|\n|t:|1770176238\n|switch|p1a: Kyurem|Kyurem|100/100\n|-ability|p1a: Kyurem|Pressure\n|move|p2a: Landorus|Stealth Rock|p1a: Kyurem\n|-sidestart|p1: ALL CHUNG|move: Stealth Rock\n|\n|-damage|p2a: Landorus|82/100 brn|[from] brn\n|upkeep\n|turn|5\n|\n|t:|1770176254\n|switch|p2a: Slowking|Slowking-Galar, F|100/100\n|move|p1a: Kyurem|Freeze-Dry|p2a: Slowking\n|-damage|p2a: Slowking|78/100\n|\n|upkeep\n|turn|6\n|\n|t:|1770176272\n|move|p1a: Kyurem|Earth Power|p2a: Slowking\n|-supereffective|p2a: Slowking\n|-damage|p2a: Slowking|45/100\n|-prepare|p2a: Slowking|Chilly Reception|[premajor]\n|move|p2a: Slowking|Chilly Reception|p2a: Slowking\n|-weather|Snowscape\n|\n|t:|1770176280\n|switch|p2a: Iron Crown|Iron Crown|100/100|[from] Chilly Reception\n|-damage|p2a: Iron Crown|94/100|[from] Stealth Rock\n|\n|-weather|Snowscape|[upkeep]\n|upkeep\n|turn|7\n|\n|t:|1770176297\n|-terastallize|p1a: Kyurem|Ground\n|move|p2a: Iron Crown|Volt Switch|p1a: Kyurem\n|-immune|p1a: Kyurem\n|move|p1a: Kyurem|Earth Power|p2a: Iron Crown\n|-supereffective|p2a: Iron Crown\n|-damage|p2a: Iron Crown|8/100\n|\n|-weather|Snowscape|[upkeep]\n|upkeep\n|turn|8\n|\n|t:|1770176314\n|-end|p2a: Iron Crown|Quark Drive|[silent]\n|switch|p2a: Rotom|Rotom-Wash|100/100\n|-damage|p2a: Rotom|88/100|[from] Stealth Rock\n|move|p1a: Kyurem|Freeze-Dry|p2a: Rotom\n|-supereffective|p2a: Rotom\n|-damage|p2a: Rotom|24/100\n|\n|-weather|Snowscape|[upkeep]\n|-heal|p2a: Rotom|30/100|[from] item: Leftovers\n|upkeep\n|turn|9\n|inactive|ALL CHUNG has 120 seconds left.\n|\n|t:|1770176330\n|move|p1a: Kyurem|Freeze-Dry|p2a: Rotom\n|-supereffective|p2a: Rotom\n|-crit|p2a: Rotom\n|-damage|p2a: Rotom|0 fnt\n|faint|p2a: Rotom\n|\n|-weather|Snowscape|[upkeep]\n|upkeep\n|\n|t:|1770176343\n|switch|p2a: Great Tusk|Great Tusk|100/100\n|turn|10\n|inactive|ALL CHUNG has 120 seconds left.\n|\n|t:|1770176359\n|-terastallize|p2a: Great Tusk|Fairy\n|move|p1a: Kyurem|Freeze-Dry|p2a: Great Tusk\n|-damage|p2a: Great Tusk|42/100\n|-status|p2a: Great Tusk|frz\n|cant|p2a: Great Tusk|frz\n|\n|-weather|none\n|upkeep\n|turn|11\n|inactive|ALL CHUNG has 120 seconds left.\n|\n|t:|1770176375\n|move|p1a: Kyurem|Substitute|p1a: Kyurem\n|-start|p1a: Kyurem|Substitute\n|-damage|p1a: Kyurem|75/100\n|cant|p2a: Great Tusk|frz\n|\n|-heal|p1a: Kyurem|82/100|[from] item: Leftovers\n|upkeep\n|turn|12\n|inactive|ALL CHUNG has 120 seconds left.\n|\n|t:|1770176393\n|-end|p2a: Great Tusk|Protosynthesis|[silent]\n|switch|p2a: Slowking|Slowking-Galar, F|78/100\n|move|p1a: Kyurem|Earth Power|p2a: Slowking\n|-supereffective|p2a: Slowking\n|-damage|p2a: Slowking|23/100\n|\n|-heal|p1a: Kyurem|88/100|[from] item: Leftovers\n|upkeep\n|turn|13\n|\n|t:|1770176410\n|switch|p2a: Landorus|Landorus-Therian, M|82/100 brn\n|-damage|p2a: Landorus|70/100 brn|[from] Stealth Rock\n|-ability|p2a: Landorus|Intimidate|boost\n|-immune|p1a: Kyurem\n|move|p1a: Kyurem|Earth Power|p2a: Landorus\n|-immune|p2a: Landorus\n|\n|-heal|p1a: Kyurem|94/100|[from] item: Leftovers\n|-damage|p2a: Landorus|64/100 brn|[from] brn\n|upkeep\n|turn|14\n|c|\u2606TheAghori|this is the weirdest kyurem set ive seen\n|c|\u2606TheAghori|and obilerates my team\n|c|\u2606TheAghori|gg\n|\n|t:|1770176427\n|move|p1a: Kyurem|Freeze-Dry|p2a: Landorus\n|-supereffective|p2a: Landorus\n|-damage|p2a: Landorus|0 fnt\n|faint|p2a: Landorus\n|\n|-heal|p1a: Kyurem|99/100|[from] item: Leftovers\n|upkeep\n|\n|t:|1770176435\n|switch|p2a: Iron Crown|Iron Crown|8/100\n|-damage|p2a: Iron Crown|1/100|[from] Stealth Rock\n|turn|15\n|\n|t:|1770176450\n|move|p2a: Iron Crown|Tachyon Cutter|p1a: Kyurem\n|-end|p1a: Kyurem|Substitute\n|-damage|p1a: Kyurem|68/100\n|-hitcount|p1a: Kyurem|2\n|move|p1a: Kyurem|Earth Power|p2a: Iron Crown\n|-supereffective|p2a: Iron Crown\n|-damage|p2a: Iron Crown|0 fnt\n|faint|p2a: Iron Crown\n|-end|p2a: Iron Crown|Quark Drive|[silent]\n|\n|-heal|p1a: Kyurem|74/100|[from] item: Leftovers\n|upkeep\n|\n|t:|1770176460\n|switch|p2a: Lokix|Lokix, F|100/100\n|turn|16\n|\n|t:|1770176476\n|move|p1a: Kyurem|Protect|p1a: Kyurem\n|-singleturn|p1a: Kyurem|Protect\n|move|p2a: Lokix|First Impression|p1a: Kyurem\n|-activate|p1a: Kyurem|move: Protect\n|\n|-heal|p1a: Kyurem|80/100|[from] item: Leftovers\n|upkeep\n|turn|17\n|c|\u2606TheAghori|LOL\n|\n|t:|1770176491\n|move|p2a: Lokix|Sucker Punch|p1a: Kyurem\n|-damage|p1a: Kyurem|50/100\n|move|p1a: Kyurem|Freeze-Dry|p2a: Lokix\n|-damage|p2a: Lokix|29/100\n|\n|-heal|p1a: Kyurem|56/100|[from] item: Leftovers\n|upkeep\n|turn|18\n|inactive|ALL CHUNG has 90 seconds left.\n|-message|TheAghori forfeited.\n|\n|win|ALL CHUNG\n|raw|ALL CHUNG's rating: 1211 &rarr; <strong>1238</strong><br />(+27 for winning)\n|raw|TheAghori's rating: 1238 &rarr; <strong>1211</strong><br />(-27 for losing)\n|l|\u2606TheAghori\n|player|p2|\n|c|\u2606ALL CHUNG|gg\n|c|\u2606ALL CHUNG|ttv/mfabso\n", "uploadtime": 1770176513, "views": 5, "formatid": "gen9ou", "rating": 1211, "private": 0, "password": null}