{"id": "gen9ou-2532468327", "format": "[Gen 9] OU", "players": ["ALL CHUNG", "DesyreeSims"], "log": "|j|\u2606ALL CHUNG\n|j|\u2606DesyreeSims\n|t:|1770180980\n|gametype|singles\n|player|p1|ALL CHUNG|crasherwake|1333\n|player|p2|DesyreeSims|beauty|1324\n|gen|9\n|tier|[Gen 9] OU\n|rated|\n|rule|HP Percentage Mod: HP is shown in percentages\n|rule|Endless Battle Clause: Forcing endless battles is banned\n|rule|Species Clause: Limit one of each Pok\u00e9mon\n|rule|OHKO Clause: OHKO moves are banned\n|rule|Evasion Items Clause: Evasion items are banned\n|rule|Evasion Moves Clause: Evasion moves are banned\n|rule|Evasion Abilities Clause: Evasion abilities are banned\n|rule|Sleep Moves Clause: Sleep-inducing moves are banned\n|clearpoke\n|poke|p1|Corviknight, F|\n|poke|p1|Ting-Lu|\n|poke|p1|Kyurem|\n|poke|p1|Dondozo, M|\n|poke|p1|Slowking-Galar, F|\n|poke|p1|Cinderace, F|\n|poke|p2|Clefable, F|\n|poke|p2|Skarmory, M|\n|poke|p2|Sinistcha-Masterpiece|\n|poke|p2|Great Tusk|\n|poke|p2|Rillaboom, M|\n|poke|p2|Moltres|\n|teampreview\n|inactive|Battle timer is ON: inactive players will automatically lose when time's up. (requested by ALL CHUNG)\n|j| CHUNGMIGHT\n|\n|t:|1770180996\n|teamsize|p1|6\n|teamsize|p2|6\n|start\n|switch|p1a: Cinderace|Cinderace, F|100/100\n|switch|p2a: Moltres|Moltres, shiny|100/100\n|turn|1\n|\n|t:|1770181006\n|switch|p1a: Kyurem|Kyurem|100/100\n|-ability|p1a: Kyurem|Pressure\n|move|p2a: Moltres|U-turn|p1a: Kyurem\n|-damage|p1a: Kyurem|88/100\n|\n|t:|1770181016\n|switch|p2a: Clefable|Clefable, F, shiny|100/100|[from] U-turn\n|\n|-heal|p1a: Kyurem|94/100|[from] item: Leftovers\n|upkeep\n|turn|2\n|\n|t:|1770181027\n|switch|p1a: Cinderace|Cinderace, F|100/100\n|move|p2a: Clefable|Calm Mind|p2a: Clefable\n|-boost|p2a: Clefable|spa|1\n|-boost|p2a: Clefable|spd|1\n|\n|upkeep\n|turn|3\n|\n|t:|1770181054\n|switch|p1a: Slowking|Slowking-Galar, F|100/100\n|switch|p2a: good tusk|Great Tusk, shiny|100/100\n|\n|upkeep\n|turn|4\n|\n|t:|1770181064\n|move|p2a: good tusk|Stealth Rock|p1a: Slowking\n|-sidestart|p1: ALL CHUNG|move: Stealth Rock\n|move|p1a: Slowking|Ice Beam|p2a: good tusk\n|-supereffective|p2a: good tusk\n|-crit|p2a: good tusk\n|-damage|p2a: good tusk|0 fnt\n|faint|p2a: good tusk\n|-end|p2a: good tusk|Protosynthesis|[silent]\n|\n|upkeep\n|inactive|DesyreeSims has 120 seconds left.\n|\n|t:|1770181086\n|switch|p2a: Rillaboom|Rillaboom, M, shiny|100/100\n|-fieldstart|move: Grassy Terrain|[from] ability: Grassy Surge|[of] p2a: Rillaboom\n|turn|5\n|\n|t:|1770181096\n|move|p2a: Rillaboom|Knock Off|p1a: Slowking\n|-supereffective|p1a: Slowking\n|-damage|p1a: Slowking|52/100\n|-enditem|p1a: Slowking|Shuca Berry|[from] move: Knock Off|[of] p2a: Rillaboom\n|-prepare|p1a: Slowking|Chilly Reception|[premajor]\n|move|p1a: Slowking|Chilly Reception|p1a: Slowking\n|-weather|Snowscape\n|\n|t:|1770181109\n|switch|p1a: Cinderace|Cinderace, F|100/100|[from] Chilly Reception\n|\n|-weather|Snowscape|[upkeep]\n|upkeep\n|turn|6\n|\n|t:|1770181127\n|switch|p2a: Sinistcha|Sinistcha-Masterpiece|100/100\n|move|p1a: Cinderace|Court Change|p1a: Cinderace\n|-swapsideconditions\n|-activate|p1a: Cinderace|move: Court Change\n|\n|-weather|Snowscape|[upkeep]\n|upkeep\n|turn|7\n|\n|t:|1770181143\n|move|p1a: Cinderace|U-turn|p2a: Sinistcha\n|-damage|p2a: Sinistcha|87/100\n|inactive|ALL CHUNG has 120 seconds left.\n|\n|t:|1770181160\n|switch|p1a: Slowking|Slowking-Galar, F|85/100|[from] U-turn\n|move|p2a: Sinistcha|Strength Sap|p1a: Slowking\n|-unboost|p1a: Slowking|atk|1\n|-heal|p2a: Sinistcha|100/100\n|\n|-weather|Snowscape|[upkeep]\n|-heal|p1a: Slowking|91/100|[from] Grassy Terrain\n|upkeep\n|turn|8\n|inactive|ALL CHUNG has 120 seconds left.\n|inactive|DesyreeSims has 120 seconds left.\n|\n|t:|1770181189\n|switch|p1a: Kyurem|Kyurem|94/100\n|-ability|p1a: Kyurem|Pressure\n|move|p2a: Sinistcha|Calm Mind|p2a: Sinistcha\n|-boost|p2a: Sinistcha|spa|1\n|-boost|p2a: Sinistcha|spd|1\n|\n|-weather|Snowscape|[upkeep]\n|-heal|p1a: Kyurem|100/100|[from] Grassy Terrain\n|upkeep\n|turn|9\n|inactive|ALL CHUNG has 120 seconds left.\n|inactive|DesyreeSims has 120 seconds left.\n|\n|t:|1770181210\n|-terastallize|p2a: Sinistcha|Poison\n|move|p1a: Kyurem|Freeze-Dry|p2a: Sinistcha\n|-damage|p2a: Sinistcha|71/100\n|move|p2a: Sinistcha|Shadow Ball|p1a: Kyurem\n|-damage|p1a: Kyurem|56/100\n|\n|-weather|none\n|-heal|p1a: Kyurem|63/100|[from] Grassy Terrain\n|-heal|p1a: Kyurem|69/100|[from] item: Leftovers\n|-heal|p2a: Sinistcha|77/100|[from] Grassy Terrain\n|-heal|p2a: Sinistcha|83/100|[from] item: Leftovers\n|-fieldend|move: Grassy Terrain\n|upkeep\n|turn|10\n|inactive|DesyreeSims has 120 seconds left.\n|\n|t:|1770181227\n|move|p1a: Kyurem|Earth Power|p2a: Sinistcha\n|-supereffective|p2a: Sinistcha\n|-damage|p2a: Sinistcha|37/100\n|move|p2a: Sinistcha|Calm Mind|p2a: Sinistcha\n|-boost|p2a: Sinistcha|spa|1\n|-boost|p2a: Sinistcha|spd|1\n|\n|-heal|p1a: Kyurem|75/100|[from] item: Leftovers\n|-heal|p2a: Sinistcha|43/100|[from] item: Leftovers\n|upkeep\n|turn|11\n|\n|t:|1770181244\n|-terastallize|p1a: Kyurem|Ground\n|move|p1a: Kyurem|Earth Power|p2a: Sinistcha\n|-supereffective|p2a: Sinistcha\n|-damage|p2a: Sinistcha|0 fnt\n|faint|p2a: Sinistcha\n|\n|-heal|p1a: Kyurem|81/100|[from] item: Leftovers\n|upkeep\n|inactive|DesyreeSims has 120 seconds left.\n|\n|t:|1770181257\n|switch|p2a: Rillaboom|Rillaboom, M, shiny|100/100\n|-damage|p2a: Rillaboom|88/100|[from] Stealth Rock\n|-fieldstart|move: Grassy Terrain|[from] ability: Grassy Surge|[of] p2a: Rillaboom\n|turn|12\n|\n|t:|1770181272\n|move|p2a: Rillaboom|Grassy Glide|p1a: Kyurem\n|-supereffective|p1a: Kyurem\n|-damage|p1a: Kyurem|5/100\n|move|p1a: Kyurem|Earth Power|p2a: Rillaboom\n|-resisted|p2a: Rillaboom\n|-damage|p2a: Rillaboom|70/100\n|\n|-heal|p1a: Kyurem|11/100|[from] Grassy Terrain\n|-heal|p1a: Kyurem|17/100|[from] item: Leftovers\n|-heal|p2a: Rillaboom|76/100|[from] Grassy Terrain\n|upkeep\n|turn|13\n|\n|t:|1770181290\n|move|p1a: Kyurem|Protect|p1a: Kyurem\n|-singleturn|p1a: Kyurem|Protect\n|move|p2a: Rillaboom|Grassy Glide|p1a: Kyurem\n|-activate|p1a: Kyurem|move: Protect\n|\n|-heal|p1a: Kyurem|24/100|[from] Grassy Terrain\n|-heal|p1a: Kyurem|30/100|[from] item: Leftovers\n|-heal|p2a: Rillaboom|82/100|[from] Grassy Terrain\n|upkeep\n|turn|14\n|inactive|ALL CHUNG has 90 seconds left.\n|\n|t:|1770181305\n|switch|p1a: Slowking|Slowking-Galar, F|100/100\n|move|p2a: Rillaboom|Knock Off|p1a: Slowking\n|-supereffective|p1a: Slowking\n|-damage|p1a: Slowking|68/100\n|\n|-heal|p2a: Rillaboom|89/100|[from] Grassy Terrain\n|-heal|p1a: Slowking|74/100|[from] Grassy Terrain\n|upkeep\n|turn|15\n|inactive|ALL CHUNG has 90 seconds left.\n|\n|t:|1770181319\n|move|p2a: Rillaboom|U-turn|p1a: Slowking\n|-damage|p1a: Slowking|54/100\n|\n|t:|1770181321\n|switch|p2a: Moltres|Moltres, shiny|100/100|[from] U-turn\n|move|p1a: Slowking|Future Sight|p2a: Moltres\n|-start|p1a: Slowking|move: Future Sight\n|\n|-heal|p1a: Slowking|60/100|[from] Grassy Terrain\n|upkeep\n|turn|16\n|\n|t:|1770181332\n|move|p2a: Moltres|Hurricane|p1a: Slowking\n|-damage|p1a: Slowking|15/100\n|move|p1a: Slowking|Ice Beam|p2a: Moltres\n|-damage|p2a: Moltres|72/100\n|\n|-heal|p1a: Slowking|21/100|[from] Grassy Terrain\n|-fieldend|move: Grassy Terrain\n|upkeep\n|turn|17\n|\n|t:|1770181346\n|move|p2a: Moltres|Roost|p2a: Moltres\n|-heal|p2a: Moltres|100/100\n|-singleturn|p2a: Moltres|move: Roost\n|move|p1a: Slowking|Ice Beam|p2a: Moltres\n|-resisted|p2a: Moltres\n|-damage|p2a: Moltres|88/100\n|\n|-end|p2a: Moltres|move: Future Sight\n|-damage|p2a: Moltres|30/100\n|upkeep\n|turn|18\n|\n|t:|1770181357\n|move|p2a: Moltres|Flamethrower|p1a: Slowking\n|-damage|p1a: Slowking|0 fnt\n|faint|p1a: Slowking\n|\n|upkeep\n|inactive|ALL CHUNG has 90 seconds left.\n|\n|t:|1770181368\n|switch|p1a: Kyurem|Kyurem, tera:Ground|30/100\n|-ability|p1a: Kyurem|Pressure\n|turn|19\n|inactive|ALL CHUNG has 90 seconds left.\n|inactive|DesyreeSims has 120 seconds left.\n|\n|t:|1770181401\n|switch|p2a: Clefable|Clefable, F, shiny|100/100\n|move|p1a: Kyurem|Freeze-Dry|p2a: Clefable\n|-damage|p2a: Clefable|66/100\n|\n|-heal|p1a: Kyurem|36/100|[from] item: Leftovers\n|upkeep\n|turn|20\n|inactive|ALL CHUNG has 90 seconds left.\n|\n|t:|1770181418\n|move|p1a: Kyurem|Earth Power|p2a: Clefable\n|-damage|p2a: Clefable|26/100\n|move|p2a: Clefable|Moonlight|p2a: Clefable\n|-heal|p2a: Clefable|76/100\n|\n|-heal|p1a: Kyurem|42/100|[from] item: Leftovers\n|upkeep\n|turn|21\n|inactive|ALL CHUNG has 90 seconds left.\n|inactive|DesyreeSims has 120 seconds left.\n|\n|t:|1770181438\n|move|p1a: Kyurem|Earth Power|p2a: Clefable\n|-damage|p2a: Clefable|32/100\n|move|p2a: Clefable|Moonblast|p1a: Kyurem\n|-damage|p1a: Kyurem|4/100\n|\n|-heal|p1a: Kyurem|10/100|[from] item: Leftovers\n|upkeep\n|turn|22\n|inactive|DesyreeSims has 120 seconds left.\n|\n|t:|1770181457\n|switch|p2a: Rillaboom|Rillaboom, M, shiny|89/100\n|-damage|p2a: Rillaboom|76/100|[from] Stealth Rock\n|-fieldstart|move: Grassy Terrain|[from] ability: Grassy Surge|[of] p2a: Rillaboom\n|move|p1a: Kyurem|Freeze-Dry|p2a: Rillaboom\n|-supereffective|p2a: Rillaboom\n|-damage|p2a: Rillaboom|25/100\n|\n|-heal|p1a: Kyurem|17/100|[from] Grassy Terrain\n|-heal|p1a: Kyurem|23/100|[from] item: Leftovers\n|-heal|p2a: Rillaboom|31/100|[from] Grassy Terrain\n|upkeep\n|turn|23\n|\n|t:|1770181473\n|move|p1a: Kyurem|Protect|p1a: Kyurem\n|-singleturn|p1a: Kyurem|Protect\n|move|p2a: Rillaboom|Grassy Glide|p1a: Kyurem\n|-activate|p1a: Kyurem|move: Protect\n|\n|-heal|p1a: Kyurem|29/100|[from] Grassy Terrain\n|-heal|p1a: Kyurem|35/100|[from] item: Leftovers\n|-heal|p2a: Rillaboom|37/100|[from] Grassy Terrain\n|upkeep\n|turn|24\n|\n|t:|1770181488\n|switch|p1a: Corviknight|Corviknight, F|100/100\n|-ability|p1a: Corviknight|Pressure\n|move|p2a: Rillaboom|Grassy Glide|p1a: Corviknight\n|-resisted|p1a: Corviknight\n|-damage|p1a: Corviknight|94/100\n|-damage|p2a: Rillaboom|21/100|[from] item: Rocky Helmet|[of] p1a: Corviknight\n|\n|-heal|p2a: Rillaboom|27/100|[from] Grassy Terrain\n|upkeep\n|turn|25\n|\n|t:|1770181499\n|switch|p2a: Moltres|Moltres, shiny|30/100\n|move|p1a: Corviknight|U-turn|p2a: Moltres\n|-resisted|p2a: Moltres\n|-damage|p2a: Moltres|26/100\n|-status|p1a: Corviknight|brn|[from] ability: Flame Body|[of] p2a: Moltres\n|inactive|ALL CHUNG has 60 seconds left.\n|\n|t:|1770181510\n|switch|p1a: Kyurem|Kyurem, tera:Ground|35/100|[from] U-turn\n|-ability|p1a: Kyurem|Pressure\n|\n|-heal|p1a: Kyurem|41/100|[from] Grassy Terrain\n|-heal|p1a: Kyurem|48/100|[from] item: Leftovers\n|upkeep\n|turn|26\n|inactive|ALL CHUNG has 60 seconds left.\n|\n|t:|1770181520\n|move|p1a: Kyurem|Freeze-Dry|p2a: Moltres\n|-damage|p2a: Moltres|0 fnt\n|faint|p2a: Moltres\n|\n|-heal|p1a: Kyurem|54/100|[from] Grassy Terrain\n|-heal|p1a: Kyurem|60/100|[from] item: Leftovers\n|-fieldend|move: Grassy Terrain\n|upkeep\n|-message|DesyreeSims forfeited.\n|\n|win|ALL CHUNG\n|raw|ALL CHUNG's rating: 1336 &rarr; <strong>1355</strong><br />(+19 for winning)\n|raw|DesyreeSims's rating: 1324 &rarr; <strong>1305</strong><br />(-19 for losing)\n|c|\u2606ALL CHUNG|gg\n|l|\u2606DesyreeSims\n|player|p2|\n|c|\u2606ALL CHUNG|ttv/mfabso\n|l|\u2606ALL CHUNG\n|player|p1|\n|l| CHUNGMIGHT\n", "uploadtime": 1770181526, "views": 1, "formatid": "gen9ou", "rating": 1305, "private": 0, "password": null}