{"id": "gen9ou-2532435943", "format": "[Gen 9] OU", "players": ["ALL CHUNG", "Xakotani"], "log": "|j|\u2606ALL CHUNG\n|j|\u2606Xakotani\n|t:|1770176178\n|gametype|singles\n|player|p1|ALL CHUNG|crasherwake|1211\n|player|p2|Xakotani|artist|1175\n|gen|9\n|tier|[Gen 9] OU\n|rated|\n|rule|HP Percentage Mod: HP is shown in percentages\n|rule|Endless Battle Clause: Forcing endless battles is banned\n|rule|Species Clause: Limit one of each Pok\u00e9mon\n|rule|OHKO Clause: OHKO moves are banned\n|rule|Evasion Items Clause: Evasion items are banned\n|rule|Evasion Moves Clause: Evasion moves are banned\n|rule|Evasion Abilities Clause: Evasion abilities are banned\n|rule|Sleep Moves Clause: Sleep-inducing moves are banned\n|clearpoke\n|poke|p1|Gliscor, M|\n|poke|p1|Gholdengo|\n|poke|p1|Zamazenta-*|\n|poke|p1|Blissey, F|\n|poke|p1|Skarmory, M|\n|poke|p1|Pecharunt|\n|poke|p2|Hatterene, F|\n|poke|p2|Rillaboom, F|\n|poke|p2|Great Tusk|\n|poke|p2|Heatran, M|\n|poke|p2|Raging Bolt|\n|poke|p2|Hawlucha, F|\n|teampreview\n|\n|t:|1770176180\n|teamsize|p1|6\n|teamsize|p2|6\n|start\n|switch|p1a: Skarmory|Skarmory, M|100/100\n|switch|p2a: Hatterene|Hatterene, F|100/100\n|turn|1\n|inactive|Battle timer is ON: inactive players will automatically lose when time's up. (requested by ALL CHUNG)\n|j| CHUNGMIGHT\n|\n|t:|1770176193\n|switch|p1a: Gliscor|Gliscor, M|100/100\n|move|p2a: Hatterene|Calm Mind|p2a: Hatterene\n|-boost|p2a: Hatterene|spa|1\n|-boost|p2a: Hatterene|spd|1\n|\n|-status|p1a: Gliscor|tox|[from] item: Toxic Orb\n|upkeep\n|turn|2\n|\n|t:|1770176209\n|switch|p1a: Zamazenta|Zamazenta|100/100\n|-ability|p1a: Zamazenta|Dauntless Shield|boost\n|-boost|p1a: Zamazenta|def|1\n|move|p2a: Hatterene|Psychic Noise|p1a: Zamazenta\n|-supereffective|p1a: Zamazenta\n|-damage|p1a: Zamazenta|14/100\n|-start|p1a: Zamazenta|move: Heal Block\n|\n|upkeep\n|turn|3\n|\n|t:|1770176228\n|move|p1a: Zamazenta|Heavy Slam|p2a: Hatterene\n|-supereffective|p2a: Hatterene\n|-damage|p2a: Hatterene|34/100\n|move|p2a: Hatterene|Calm Mind|p2a: Hatterene\n|-boost|p2a: Hatterene|spa|1\n|-boost|p2a: Hatterene|spd|1\n|\n|-end|p1a: Zamazenta|move: Heal Block\n|upkeep\n|turn|4\n|\n|t:|1770176246\n|switch|p2a: Heatran|Heatran, M|100/100\n|move|p1a: Zamazenta|Heavy Slam|p2a: Heatran\n|-resisted|p2a: Heatran\n|-damage|p2a: Heatran|98/100\n|\n|-heal|p2a: Heatran|100/100|[from] item: Leftovers\n|upkeep\n|turn|5\n|inactive|ALL CHUNG has 120 seconds left.\n|\n|t:|1770176263\n|-terastallize|p2a: Heatran|Ghost\n|move|p1a: Zamazenta|Close Combat|p2a: Heatran\n|-immune|p2a: Heatran\n|move|p2a: Heatran|Stealth Rock|p1a: Zamazenta\n|-sidestart|p1: ALL CHUNG|move: Stealth Rock\n|\n|upkeep\n|turn|6\n|inactive|ALL CHUNG has 120 seconds left.\n|\n|t:|1770176279\n|move|p1a: Zamazenta|Crunch|p2a: Heatran\n|-supereffective|p2a: Heatran\n|-damage|p2a: Heatran|57/100\n|-unboost|p2a: Heatran|def|1\n|move|p2a: Heatran|Magma Storm|p1a: Zamazenta|[miss]\n|-miss|p2a: Heatran|p1a: Zamazenta\n|\n|-heal|p2a: Heatran|64/100|[from] item: Leftovers\n|upkeep\n|turn|7\n|inactive|ALL CHUNG has 120 seconds left.\n|\n|t:|1770176298\n|switch|p1a: Pecharunt|Pecharunt|100/100\n|switch|p2a: Rillaboom|Rillaboom, F|100/100\n|-fieldstart|move: Grassy Terrain|[from] ability: Grassy Surge|[of] p2a: Rillaboom\n|\n|upkeep\n|turn|8\n|\n|t:|1770176310\n|switch|p2a: Heatran|Heatran, M, tera:Ghost|64/100\n|move|p1a: Pecharunt|Toxic|p2a: Heatran\n|-status|p2a: Heatran|tox\n|-start|p2a: Heatran|confusion|[from] ability: Poison Puppeteer|[of] p1a: Pecharunt\n|\n|-heal|p2a: Heatran|70/100 tox|[from] Grassy Terrain\n|-heal|p2a: Heatran|76/100 tox|[from] item: Leftovers\n|-damage|p2a: Heatran|70/100 tox|[from] psn\n|upkeep\n|turn|9\n|\n|t:|1770176326\n|move|p1a: Pecharunt|Shadow Ball|p2a: Heatran\n|-supereffective|p2a: Heatran\n|-damage|p2a: Heatran|38/100 tox\n|-unboost|p2a: Heatran|spd|1\n|-activate|p2a: Heatran|confusion\n|-damage|p2a: Heatran|33/100 tox|[from] confusion\n|\n|-heal|p2a: Heatran|39/100 tox|[from] Grassy Terrain\n|-heal|p2a: Heatran|45/100 tox|[from] item: Leftovers\n|-damage|p2a: Heatran|33/100 tox|[from] psn\n|upkeep\n|turn|10\n|inactive|Xakotani has 120 seconds left.\n|\n|t:|1770176342\n|switch|p2a: Great Tusk|Great Tusk|100/100\n|-enditem|p2a: Great Tusk|Booster Energy\n|-activate|p2a: Great Tusk|ability: Protosynthesis|[fromitem]\n|-start|p2a: Great Tusk|protosynthesisspe\n|move|p1a: Pecharunt|Shadow Ball|p2a: Great Tusk\n|-damage|p2a: Great Tusk|66/100\n|\n|-heal|p2a: Great Tusk|72/100|[from] Grassy Terrain\n|upkeep\n|turn|11\n|inactive|Xakotani has 120 seconds left.\n|\n|t:|1770176355\n|move|p2a: Great Tusk|Headlong Rush|p1a: Pecharunt\n|-supereffective|p1a: Pecharunt\n|-damage|p1a: Pecharunt|49/100\n|-unboost|p2a: Great Tusk|def|1\n|-unboost|p2a: Great Tusk|spd|1\n|move|p1a: Pecharunt|Toxic|p2a: Great Tusk\n|-status|p2a: Great Tusk|tox\n|-start|p2a: Great Tusk|confusion|[from] ability: Poison Puppeteer|[of] p1a: Pecharunt\n|\n|-heal|p2a: Great Tusk|78/100 tox|[from] Grassy Terrain\n|-heal|p1a: Pecharunt|55/100|[from] Grassy Terrain\n|-damage|p2a: Great Tusk|72/100 tox|[from] psn\n|-fieldend|move: Grassy Terrain\n|upkeep\n|turn|12\n|inactive|Xakotani has 120 seconds left.\n|\n|t:|1770176370\n|-activate|p2a: Great Tusk|confusion\n|move|p2a: Great Tusk|Headlong Rush|p1a: Pecharunt\n|-supereffective|p1a: Pecharunt\n|-damage|p1a: Pecharunt|3/100\n|-unboost|p2a: Great Tusk|def|1\n|-unboost|p2a: Great Tusk|spd|1\n|move|p1a: Pecharunt|Recover|p1a: Pecharunt\n|-heal|p1a: Pecharunt|53/100\n|\n|-damage|p2a: Great Tusk|60/100 tox|[from] psn\n|upkeep\n|turn|13\n|inactive|Xakotani has 120 seconds left.\n|\n|t:|1770176381\n|-activate|p2a: Great Tusk|confusion\n|move|p2a: Great Tusk|Headlong Rush|p1a: Pecharunt\n|-supereffective|p1a: Pecharunt\n|-damage|p1a: Pecharunt|9/100\n|-unboost|p2a: Great Tusk|def|1\n|-unboost|p2a: Great Tusk|spd|1\n|move|p1a: Pecharunt|Recover|p1a: Pecharunt\n|-heal|p1a: Pecharunt|59/100\n|\n|-damage|p2a: Great Tusk|41/100 tox|[from] psn\n|upkeep\n|turn|14\n|inactive|Xakotani has 120 seconds left.\n|\n|t:|1770176392\n|-end|p2a: Great Tusk|Protosynthesis|[silent]\n|switch|p2a: Hatterene|Hatterene, F|34/100\n|move|p1a: Pecharunt|Recover|p1a: Pecharunt\n|-heal|p1a: Pecharunt|100/100\n|\n|upkeep\n|turn|15\n|\n|t:|1770176408\n|move|p1a: Pecharunt|Shadow Ball|p2a: Hatterene\n|-supereffective|p2a: Hatterene\n|-damage|p2a: Hatterene|0 fnt\n|faint|p2a: Hatterene\n|\n|upkeep\n|\n|t:|1770176413\n|switch|p2a: Rillaboom|Rillaboom, F|100/100\n|-fieldstart|move: Grassy Terrain|[from] ability: Grassy Surge|[of] p2a: Rillaboom\n|turn|16\n|\n|t:|1770176424\n|move|p2a: Rillaboom|U-turn|p1a: Pecharunt\n|-resisted|p1a: Pecharunt\n|-damage|p1a: Pecharunt|97/100\n|\n|t:|1770176428\n|switch|p2a: Heatran|Heatran, M, tera:Ghost|33/100 tox|[from] U-turn\n|move|p1a: Pecharunt|Parting Shot|p2a: Heatran\n|-unboost|p2a: Heatran|atk|1\n|-unboost|p2a: Heatran|spa|1\n|\n|t:|1770176439\n|switch|p1a: Blissey|Blissey, F|100/100|[from] Parting Shot\n|\n|-heal|p2a: Heatran|39/100 tox|[from] Grassy Terrain\n|-heal|p2a: Heatran|45/100 tox|[from] item: Leftovers\n|-damage|p2a: Heatran|39/100 tox|[from] psn\n|upkeep\n|turn|17\n|\n|t:|1770176451\n|move|p2a: Heatran|Taunt|p1a: Blissey\n|-start|p1a: Blissey|move: Taunt\n|cant|p1a: Blissey|move: Taunt|Stealth Rock\n|\n|-heal|p2a: Heatran|45/100 tox|[from] Grassy Terrain\n|-heal|p2a: Heatran|51/100 tox|[from] item: Leftovers\n|-damage|p2a: Heatran|39/100 tox|[from] psn\n|upkeep\n|turn|18\n|\n|t:|1770176462\n|switch|p2a: Hawlucha|Hawlucha, F|100/100\n|-enditem|p2a: Hawlucha|Grassy Seed\n|-boost|p2a: Hawlucha|def|1|[from] item: Grassy Seed\n|switch|p1a: Pecharunt|Pecharunt|97/100\n|\n|-heal|p1a: Pecharunt|100/100|[from] Grassy Terrain\n|upkeep\n|turn|19\n|\n|t:|1770176477\n|move|p2a: Hawlucha|Swords Dance|p2a: Hawlucha\n|-boost|p2a: Hawlucha|atk|2\n|move|p1a: Pecharunt|Shadow Ball|p2a: Hawlucha\n|-damage|p2a: Hawlucha|62/100\n|-unboost|p2a: Hawlucha|spd|1\n|\n|upkeep\n|turn|20\n|\n|t:|1770176498\n|move|p2a: Hawlucha|Acrobatics|p1a: Pecharunt\n|-damage|p1a: Pecharunt|55/100\n|move|p1a: Pecharunt|Shadow Ball|p2a: Hawlucha\n|-damage|p2a: Hawlucha|4/100\n|\n|-heal|p1a: Pecharunt|61/100|[from] Grassy Terrain\n|-fieldend|move: Grassy Terrain\n|upkeep\n|turn|21\n|-message|Xakotani forfeited.\n|\n|win|ALL CHUNG\n|raw|ALL CHUNG's rating: 1238 &rarr; <strong>1259</strong><br />(+21 for winning)\n|raw|Xakotani's rating: 1175 &rarr; <strong>1154</strong><br />(-21 for losing)\n|l|\u2606Xakotani\n|player|p2|\n|c|\u2606ALL CHUNG|gg\n|c|\u2606ALL CHUNG|ttv/mfabso\n", "uploadtime": 1770176521, "views": 0, "formatid": "gen9ou", "rating": 1154, "private": 1, "password": "owu9gnmjdedbgl432158uycqxprms5w"}