{"id":"gen9ou-2532462435","format":"[Gen 9] OU","players":["ALL CHUNG","anyone222"],"log":"|j|\u2606ALL CHUNG\n|j|\u2606anyone222\n|t:|1770180056\n|gametype|singles\n|player|p1|ALL CHUNG|crasherwake|1389\n|player|p2|anyone222|169|1329\n|gen|9\n|tier|[Gen 9] OU\n|rated|\n|rule|HP Percentage Mod: HP is shown in percentages\n|rule|Endless Battle Clause: Forcing endless battles is banned\n|rule|Species Clause: Limit one of each Pok\u00e9mon\n|rule|OHKO Clause: OHKO moves are banned\n|rule|Evasion Items Clause: Evasion items are banned\n|rule|Evasion Moves Clause: Evasion moves are banned\n|rule|Evasion Abilities Clause: Evasion abilities are banned\n|rule|Sleep Moves Clause: Sleep-inducing moves are banned\n|clearpoke\n|poke|p1|Gliscor, M|\n|poke|p1|Gholdengo|\n|poke|p1|Zamazenta-*|\n|poke|p1|Blissey, F|\n|poke|p1|Skarmory, M|\n|poke|p1|Pecharunt|\n|poke|p2|Ogerpon-Wellspring, F|\n|poke|p2|Kingambit, F|\n|poke|p2|Landorus-Therian, M|\n|poke|p2|Tornadus-Therian, M|\n|poke|p2|Dragonite, M|\n|poke|p2|Iron Valiant|\n|teampreview\n|inactive|Battle timer is ON: inactive players will automatically lose when time's up. (requested by ALL CHUNG)\n|j| CHUNGMIGHT\n|\n|t:|1770180067\n|teamsize|p1|6\n|teamsize|p2|6\n|start\n|switch|p1a: Skarmory|Skarmory, M|100\/100\n|switch|p2a: Godert|Landorus-Therian, M, shiny|100\/100\n|-ability|p2a: Godert|Intimidate|boost\n|-unboost|p1a: Skarmory|atk|1\n|turn|1\n|\n|t:|1770180079\n|switch|p1a: Zamazenta|Zamazenta|100\/100\n|-ability|p1a: Zamazenta|Dauntless Shield|boost\n|-boost|p1a: Zamazenta|def|1\n|move|p2a: Godert|Stealth Rock|p1a: Zamazenta\n|-sidestart|p1: ALL CHUNG|move: Stealth Rock\n|\n|upkeep\n|turn|2\n|\n|t:|1770180094\n|move|p1a: Zamazenta|Ice Fang|p2a: Godert\n|-supereffective|p2a: Godert\n|-damage|p2a: Godert|5\/100\n|move|p2a: Godert|Body Slam|p1a: Zamazenta\n|-damage|p1a: Zamazenta|80\/100\n|-status|p1a: Zamazenta|par\n|\n|-heal|p2a: Godert|12\/100|[from] item: Leftovers\n|upkeep\n|turn|3\n|\n|t:|1770180106\n|move|p2a: Godert|Earthquake|p1a: Zamazenta\n|-damage|p1a: Zamazenta|48\/100 par\n|cant|p1a: Zamazenta|par\n|\n|-heal|p2a: Godert|18\/100|[from] item: Leftovers\n|upkeep\n|turn|4\n|\n|t:|1770180117\n|switch|p1a: Gliscor|Gliscor, M|100\/100\n|-damage|p1a: Gliscor|88\/100|[from] Stealth Rock\n|move|p2a: Godert|Earthquake|p1a: Gliscor\n|-immune|p1a: Gliscor\n|\n|-heal|p2a: Godert|24\/100|[from] item: Leftovers\n|-status|p1a: Gliscor|tox|[from] item: Toxic Orb\n|upkeep\n|turn|5\n|\n|t:|1770180128\n|move|p2a: Godert|Swords Dance|p2a: Godert\n|-boost|p2a: Godert|atk|2\n|move|p1a: Gliscor|Knock Off|p2a: Godert\n|-damage|p2a: Godert|0 fnt\n|-enditem|p2a: Godert|Leftovers|[from] move: Knock Off|[of] p1a: Gliscor\n|faint|p2a: Godert\n|\n|-heal|p1a: Gliscor|100\/100 tox|[from] ability: Poison Heal\n|upkeep\n|\n|t:|1770180131\n|switch|p2a: Fluff|Dragonite, M, shiny|100\/100\n|turn|6\n|\n|t:|1770180142\n|switch|p1a: Skarmory|Skarmory, M|100\/100\n|move|p2a: Fluff|Dragon Dance|p2a: Fluff\n|-boost|p2a: Fluff|atk|1\n|-boost|p2a: Fluff|spe|1\n|\n|upkeep\n|turn|7\n|\n|t:|1770180158\n|move|p2a: Fluff|Dragon Dance|p2a: Fluff\n|-boost|p2a: Fluff|atk|1\n|-boost|p2a: Fluff|spe|1\n|move|p1a: Skarmory|Body Press|p2a: Fluff\n|-resisted|p2a: Fluff\n|-damage|p2a: Fluff|92\/100\n|\n|upkeep\n|turn|8\n|\n|t:|1770180175\n|-terastallize|p1a: Skarmory|Dragon\n|move|p2a: Fluff|Dragon Dance|p2a: Fluff\n|-boost|p2a: Fluff|atk|1\n|-boost|p2a: Fluff|spe|1\n|move|p1a: Skarmory|Whirlwind|p2a: Fluff\n|drag|p2a: Tornadus|Tornadus-Therian, M|100\/100\n|\n|upkeep\n|turn|9\n|\n|t:|1770180186\n|move|p2a: Tornadus|Hurricane|p1a: Skarmory\n|-crit|p1a: Skarmory\n|-ability|p1a: Skarmory|Sturdy\n|-damage|p1a: Skarmory|1\/100\n|-start|p1a: Skarmory|confusion\n|-activate|p1a: Skarmory|confusion\n|-damage|p1a: Skarmory|0 fnt|[from] confusion\n|faint|p1a: Skarmory\n|\n|upkeep\n|\n|t:|1770180198\n|switch|p1a: Gholdengo|Gholdengo|100\/100\n|-damage|p1a: Gholdengo|94\/100|[from] Stealth Rock\n|turn|10\n|\n|t:|1770180209\n|move|p2a: Tornadus|Hurricane|p1a: Gholdengo\n|-resisted|p1a: Gholdengo\n|-damage|p1a: Gholdengo|67\/100\n|move|p1a: Gholdengo|Thunder Wave|p2a: Tornadus\n|-status|p2a: Tornadus|par\n|\n|upkeep\n|turn|11\n|\n|t:|1770180221\n|move|p1a: Gholdengo|Recover|p1a: Gholdengo\n|-heal|p1a: Gholdengo|100\/100\n|move|p2a: Tornadus|Hurricane|p1a: Gholdengo\n|-resisted|p1a: Gholdengo\n|-damage|p1a: Gholdengo|73\/100\n|-start|p1a: Gholdengo|confusion\n|\n|upkeep\n|turn|12\n|inactive|anyone222 has 120 seconds left.\n|\n|t:|1770180260\n|switch|p1a: Pecharunt|Pecharunt|100\/100\n|move|p2a: Tornadus|Nasty Plot|p2a: Tornadus\n|-boost|p2a: Tornadus|spa|2\n|\n|upkeep\n|turn|13\n|inactive|anyone222 has 120 seconds left.\n|inactive|ALL CHUNG has 120 seconds left.\n|\n|t:|1770180276\n|move|p1a: Pecharunt|Parting Shot|p2a: Tornadus\n|-unboost|p2a: Tornadus|atk|1\n|-unboost|p2a: Tornadus|spa|1\n|inactive|ALL CHUNG has 120 seconds left.\n|\n|t:|1770180292\n|switch|p1a: Gholdengo|Gholdengo|73\/100|[from] Parting Shot\n|-damage|p1a: Gholdengo|67\/100|[from] Stealth Rock\n|move|p2a: Tornadus|Substitute|p2a: Tornadus\n|-start|p2a: Tornadus|Substitute\n|-damage|p2a: Tornadus|75\/100 par\n|\n|upkeep\n|turn|14\n|\n|t:|1770180307\n|move|p1a: Gholdengo|Hex|p2a: Tornadus\n|-end|p2a: Tornadus|Substitute\n|cant|p2a: Tornadus|par\n|\n|upkeep\n|turn|15\n|\n|t:|1770180323\n|move|p1a: Gholdengo|Recover|p1a: Gholdengo\n|-heal|p1a: Gholdengo|100\/100\n|move|p2a: Tornadus|Hurricane|p1a: Gholdengo\n|-resisted|p1a: Gholdengo\n|-damage|p1a: Gholdengo|57\/100\n|-start|p1a: Gholdengo|confusion\n|\n|upkeep\n|turn|16\n|c|\u2606anyone222|wait your dondozo guy\n|\n|t:|1770180340\n|switch|p1a: Zamazenta|Zamazenta|48\/100 par\n|move|p2a: Tornadus|Hurricane|p1a: Zamazenta\n|-supereffective|p1a: Zamazenta\n|-damage|p1a: Zamazenta|0 fnt\n|faint|p1a: Zamazenta\n|\n|upkeep\n|inactive|ALL CHUNG has 90 seconds left.\n|\n|t:|1770180356\n|switch|p1a: Pecharunt|Pecharunt|100\/100\n|turn|17\n|inactive|ALL CHUNG has 90 seconds left.\n|\n|t:|1770180374\n|move|p1a: Pecharunt|Parting Shot|p2a: Tornadus\n|-unboost|p2a: Tornadus|atk|1\n|-unboost|p2a: Tornadus|spa|1\n|\n|t:|1770180390\n|switch|p1a: Gholdengo|Gholdengo|57\/100|[from] Parting Shot\n|-damage|p1a: Gholdengo|50\/100|[from] Stealth Rock\n|move|p2a: Tornadus|Hurricane|p1a: Gholdengo|[miss]\n|-miss|p2a: Tornadus|p1a: Gholdengo\n|\n|upkeep\n|turn|18\n|\n|t:|1770180406\n|switch|p1a: Gliscor|Gliscor, M|100\/100 tox\n|-damage|p1a: Gliscor|88\/100 tox|[from] Stealth Rock\n|move|p2a: Tornadus|Nasty Plot|p2a: Tornadus\n|-boost|p2a: Tornadus|spa|2\n|\n|-heal|p1a: Gliscor|100\/100 tox|[from] ability: Poison Heal\n|upkeep\n|turn|19\n|inactive|ALL CHUNG has 60 seconds left.\n|\n|t:|1770180422\n|switch|p1a: Gholdengo|Gholdengo|50\/100\n|-damage|p1a: Gholdengo|44\/100|[from] Stealth Rock\n|cant|p2a: Tornadus|par\n|\n|upkeep\n|turn|20\n|inactive|ALL CHUNG has 60 seconds left.\n|\n|t:|1770180437\n|move|p1a: Gholdengo|Hex|p2a: Tornadus\n|-damage|p2a: Tornadus|1\/100 par\n|move|p2a: Tornadus|Hurricane|p1a: Gholdengo\n|-resisted|p1a: Gholdengo\n|-damage|p1a: Gholdengo|0 fnt\n|faint|p1a: Gholdengo\n|\n|upkeep\n|\n|t:|1770180453\n|switch|p1a: Gliscor|Gliscor, M|100\/100 tox\n|-damage|p1a: Gliscor|88\/100 tox|[from] Stealth Rock\n|turn|21\n|\n|t:|1770180457\n|move|p1a: Gliscor|Knock Off|p2a: Tornadus\n|-damage|p2a: Tornadus|0 fnt\n|-enditem|p2a: Tornadus|Sharp Beak|[from] move: Knock Off|[of] p1a: Gliscor\n|faint|p2a: Tornadus\n|\n|-heal|p1a: Gliscor|100\/100 tox|[from] ability: Poison Heal\n|upkeep\n|\n|t:|1770180462\n|switch|p2a: Fluff|Dragonite, M, shiny|92\/100\n|turn|22\n|\n|t:|1770180466\n|move|p2a: Fluff|Dragon Dance|p2a: Fluff\n|-boost|p2a: Fluff|atk|1\n|-boost|p2a: Fluff|spe|1\n|move|p1a: Gliscor|Knock Off|p2a: Fluff\n|-damage|p2a: Fluff|68\/100\n|-enditem|p2a: Fluff|Life Orb|[from] move: Knock Off|[of] p1a: Gliscor\n|\n|upkeep\n|turn|23\n|\n|t:|1770180482\n|switch|p1a: Pecharunt|Pecharunt|100\/100\n|move|p2a: Fluff|Ice Spinner|p1a: Pecharunt\n|-damage|p1a: Pecharunt|79\/100\n|\n|upkeep\n|turn|24\n|inactive|ALL CHUNG has 60 seconds left.\n|\n|t:|1770180499\n|move|p2a: Fluff|Earthquake|p1a: Pecharunt\n|-supereffective|p1a: Pecharunt\n|-damage|p1a: Pecharunt|23\/100\n|move|p1a: Pecharunt|Parting Shot|p2a: Fluff\n|-unboost|p2a: Fluff|atk|1\n|-unboost|p2a: Fluff|spa|1\n|inactive|ALL CHUNG has 60 seconds left.\n|\n|t:|1770180515\n|switch|p1a: Blissey|Blissey, F|100\/100|[from] Parting Shot\n|\n|upkeep\n|turn|25\n|\n|t:|1770180531\n|move|p2a: Fluff|Dragon Dance|p2a: Fluff\n|-boost|p2a: Fluff|atk|1\n|-boost|p2a: Fluff|spe|1\n|move|p1a: Blissey|Shadow Ball|p2a: Fluff\n|-damage|p2a: Fluff|52\/100\n|\n|upkeep\n|turn|26\n|\n|t:|1770180535\n|move|p2a: Fluff|Dragon Dance|p2a: Fluff\n|-boost|p2a: Fluff|atk|1\n|-boost|p2a: Fluff|spe|1\n|move|p1a: Blissey|Shadow Ball|p2a: Fluff\n|-damage|p2a: Fluff|36\/100\n|\n|upkeep\n|turn|27\n|\n|t:|1770180541\n|move|p2a: Fluff|Earthquake|p1a: Blissey\n|-damage|p1a: Blissey|23\/100\n|move|p1a: Blissey|Shadow Ball|p2a: Fluff\n|-damage|p2a: Fluff|21\/100\n|\n|upkeep\n|turn|28\n|inactive|ALL CHUNG has 60 seconds left.\n|\n|t:|1770180557\n|move|p2a: Fluff|Extreme Speed|p1a: Blissey\n|-damage|p1a: Blissey|0 fnt\n|faint|p1a: Blissey\n|\n|upkeep\n|inactive|ALL CHUNG has 60 seconds left.\n|\n|t:|1770180571\n|switch|p1a: Gliscor|Gliscor, M|100\/100 tox\n|-damage|p1a: Gliscor|88\/100 tox|[from] Stealth Rock\n|turn|29\n|inactive|ALL CHUNG has 60 seconds left.\n|\n|t:|1770180586\n|move|p2a: Fluff|Ice Spinner|p1a: Gliscor\n|-supereffective|p1a: Gliscor\n|-crit|p1a: Gliscor\n|-damage|p1a: Gliscor|0 fnt\n|faint|p1a: Gliscor\n|\n|upkeep\n|\n|t:|1770180595\n|switch|p1a: Pecharunt|Pecharunt|23\/100\n|turn|30\n|\n|t:|1770180606\n|move|p2a: Fluff|Earthquake|p1a: Pecharunt\n|-supereffective|p1a: Pecharunt\n|-damage|p1a: Pecharunt|0 fnt\n|faint|p1a: Pecharunt\n|\n|win|anyone222\n|raw|ALL CHUNG's rating: 1373 &rarr; <strong>1350<\/strong><br \/>(-23 for losing)\n|raw|anyone222's rating: 1329 &rarr; <strong>1352<\/strong><br \/>(+23 for winning)\n|c|\u2606ALL CHUNG|gg\n|c|\u2606ALL CHUNG|ttv\/mfabso\n","uploadtime":1770180609,"views":2,"formatid":"gen9ou","rating":1350,"private":0,"password":null}
