{"id": "gen9ou-2532453302", "format": "[Gen 9] OU", "players": ["lousiv", "ALL CHUNG"], "log": "|j|\u2606lousiv\n|j|\u2606ALL CHUNG\n|t:|1770178669\n|gametype|singles\n|player|p1|lousiv|ltsurge|1330\n|player|p2|ALL CHUNG|crasherwake|1340\n|gen|9\n|tier|[Gen 9] OU\n|rated|\n|rule|HP Percentage Mod: HP is shown in percentages\n|rule|Endless Battle Clause: Forcing endless battles is banned\n|rule|Species Clause: Limit one of each Pok\u00e9mon\n|rule|OHKO Clause: OHKO moves are banned\n|rule|Evasion Items Clause: Evasion items are banned\n|rule|Evasion Moves Clause: Evasion moves are banned\n|rule|Evasion Abilities Clause: Evasion abilities are banned\n|rule|Sleep Moves Clause: Sleep-inducing moves are banned\n|clearpoke\n|poke|p1|Porygon2|\n|poke|p1|Ursaluna, M|\n|poke|p1|Hatterene, F|\n|poke|p1|Volcanion|\n|poke|p1|Iron Hands|\n|poke|p1|Cresselia, F|\n|poke|p2|Gliscor, M|\n|poke|p2|Ogerpon, F|\n|poke|p2|Walking Wake|\n|poke|p2|Blissey, F|\n|poke|p2|Corviknight, F|\n|poke|p2|Pecharunt|\n|teampreview\n|inactive|Battle timer is ON: inactive players will automatically lose when time's up. (requested by ALL CHUNG)\n|j| CHUNGMIGHT\n|\n|t:|1770178679\n|teamsize|p1|6\n|teamsize|p2|6\n|start\n|switch|p1a: MizOrMac|Porygon2|100/100\n|switch|p2a: Gliscor|Gliscor, M|100/100\n|-ability|p1a: MizOrMac|Download|boost\n|-boost|p1a: MizOrMac|spa|1\n|turn|1\n|\n|t:|1770178695\n|-terastallize|p2a: Gliscor|Ghost\n|move|p2a: Gliscor|Toxic|p1a: MizOrMac\n|-status|p1a: MizOrMac|tox\n|move|p1a: MizOrMac|Trick Room|p1a: MizOrMac\n|-fieldstart|move: Trick Room|[of] p1a: MizOrMac\n|\n|-damage|p1a: MizOrMac|94/100 tox|[from] psn\n|-status|p2a: Gliscor|tox|[from] item: Toxic Orb\n|upkeep\n|turn|2\n|\n|t:|1770178711\n|switch|p1a: Loski|Volcanion|100/100\n|move|p2a: Gliscor|Earthquake|p1a: Loski\n|-supereffective|p1a: Loski\n|-damage|p1a: Loski|52/100\n|\n|upkeep\n|turn|3\n|\n|t:|1770178728\n|move|p1a: Loski|Steam Eruption|p2a: Gliscor\n|-damage|p2a: Gliscor|24/100 tox\n|move|p2a: Gliscor|Toxic|p1a: Loski\n|-status|p1a: Loski|tox\n|\n|-damage|p1a: Loski|46/100 tox|[from] psn\n|-heal|p2a: Gliscor|37/100 tox|[from] ability: Poison Heal\n|upkeep\n|turn|4\n|inactive|ALL CHUNG has 120 seconds left.\n|\n|t:|1770178744\n|move|p2a: Gliscor|Protect|p2a: Gliscor\n|-singleturn|p2a: Gliscor|Protect\n|move|p1a: Loski|Steam Eruption|p2a: Gliscor\n|-activate|p2a: Gliscor|move: Protect\n|\n|-damage|p1a: Loski|34/100 tox|[from] psn\n|-heal|p2a: Gliscor|49/100 tox|[from] ability: Poison Heal\n|upkeep\n|turn|5\n|inactive|ALL CHUNG has 120 seconds left.\n|\n|t:|1770178762\n|switch|p2a: Walking Wake|Walking Wake|100/100\n|move|p1a: Loski|Steam Eruption|p2a: Walking Wake\n|-resisted|p2a: Walking Wake\n|-damage|p2a: Walking Wake|72/100\n|\n|-damage|p1a: Loski|16/100 tox|[from] psn\n|-fieldend|move: Trick Room\n|upkeep\n|turn|6\n|inactive|ALL CHUNG has 120 seconds left.\n|\n|t:|1770178778\n|move|p2a: Walking Wake|Draco Meteor|p1a: Loski\n|-damage|p1a: Loski|0 fnt\n|-unboost|p2a: Walking Wake|spa|2\n|faint|p1a: Loski\n|\n|upkeep\n|\n|t:|1770178785\n|switch|p1a: Blanco|Ursaluna, M|100/100\n|turn|7\n|inactive|ALL CHUNG has 120 seconds left.\n|\n|t:|1770178798\n|move|p2a: Walking Wake|Knock Off|p1a: Blanco\n|-damage|p1a: Blanco|88/100\n|-enditem|p1a: Blanco|Flame Orb|[from] move: Knock Off|[of] p2a: Walking Wake\n|move|p1a: Blanco|Headlong Rush|p2a: Walking Wake\n|-damage|p2a: Walking Wake|0 fnt\n|-unboost|p1a: Blanco|def|1\n|-unboost|p1a: Blanco|spd|1\n|faint|p2a: Walking Wake\n|-end|p2a: Walking Wake|Protosynthesis|[silent]\n|\n|upkeep\n|\n|t:|1770178820\n|switch|p2a: Ogerpon|Ogerpon, F|100/100\n|turn|8\n|\n|t:|1770178836\n|switch|p1a: MizOrMac|Porygon2|94/100 tox\n|-ability|p1a: MizOrMac|Download|boost\n|-boost|p1a: MizOrMac|atk|1\n|move|p2a: Ogerpon|U-turn|p1a: MizOrMac\n|-damage|p1a: MizOrMac|80/100 tox\n|inactive|ALL CHUNG has 90 seconds left.\n|\n|t:|1770178855\n|switch|p2a: Gliscor|Gliscor, M, tera:Ghost|49/100 tox|[from] U-turn\n|\n|-heal|p2a: Gliscor|62/100 tox|[from] ability: Poison Heal\n|-damage|p1a: MizOrMac|73/100 tox|[from] psn\n|upkeep\n|turn|9\n|inactive|ALL CHUNG has 90 seconds left.\n|\n|t:|1770178870\n|move|p2a: Gliscor|Earthquake|p1a: MizOrMac\n|-damage|p1a: MizOrMac|53/100 tox\n|move|p1a: MizOrMac|Trick Room|p1a: MizOrMac\n|-fieldstart|move: Trick Room|[of] p1a: MizOrMac\n|\n|-damage|p1a: MizOrMac|41/100 tox|[from] psn\n|-heal|p2a: Gliscor|74/100 tox|[from] ability: Poison Heal\n|upkeep\n|turn|10\n|\n|t:|1770178886\n|move|p1a: MizOrMac|Ice Beam|p2a: Gliscor\n|-damage|p2a: Gliscor|48/100 tox\n|move|p2a: Gliscor|Earthquake|p1a: MizOrMac\n|-damage|p1a: MizOrMac|17/100 tox\n|\n|-damage|p1a: MizOrMac|0 fnt|[from] psn\n|faint|p1a: MizOrMac\n|-heal|p2a: Gliscor|61/100 tox|[from] ability: Poison Heal\n|upkeep\n|\n|t:|1770178897\n|switch|p1a: Zico|Iron Hands, shiny|100/100\n|-enditem|p1a: Zico|Booster Energy\n|-activate|p1a: Zico|ability: Quark Drive|[fromitem]\n|-start|p1a: Zico|quarkdriveatk\n|turn|11\n|\n|t:|1770178908\n|move|p1a: Zico|Swords Dance|p1a: Zico\n|-boost|p1a: Zico|atk|2\n|move|p2a: Gliscor|Toxic|p1a: Zico\n|-status|p1a: Zico|tox\n|\n|-damage|p1a: Zico|94/100 tox|[from] psn\n|-heal|p2a: Gliscor|73/100 tox|[from] ability: Poison Heal\n|upkeep\n|turn|12\n|\n|t:|1770178924\n|move|p1a: Zico|Wild Charge|p2a: Gliscor\n|-damage|p2a: Gliscor|0 fnt\n|faint|p2a: Gliscor\n|-damage|p1a: Zico|82/100 tox|[from] Recoil\n|\n|-damage|p1a: Zico|70/100 tox|[from] psn\n|upkeep\n|\n|t:|1770178940\n|switch|p2a: Pecharunt|Pecharunt|100/100\n|turn|13\n|inactive|ALL CHUNG has 60 seconds left.\n|\n|t:|1770178956\n|move|p1a: Zico|Wild Charge|p2a: Pecharunt\n|-damage|p2a: Pecharunt|38/100\n|-damage|p1a: Zico|58/100 tox|[from] Recoil\n|move|p2a: Pecharunt|Foul Play|p1a: Zico\n|-resisted|p1a: Zico\n|-damage|p1a: Zico|36/100 tox\n|\n|-damage|p1a: Zico|18/100 tox|[from] psn\n|-fieldend|move: Trick Room\n|upkeep\n|turn|14\n|inactive|ALL CHUNG has 60 seconds left.\n|\n|t:|1770178973\n|-end|p1a: Zico|Quark Drive|[silent]\n|switch|p1a: MK|Cresselia, F, shiny|100/100\n|move|p2a: Pecharunt|Foul Play|p1a: MK\n|-supereffective|p1a: MK\n|-damage|p1a: MK|86/100\n|\n|upkeep\n|turn|15\n|inactive|ALL CHUNG has 60 seconds left.\n|\n|t:|1770178984\n|move|p2a: Pecharunt|Recover|p2a: Pecharunt\n|-heal|p2a: Pecharunt|88/100\n|move|p1a: MK|Trick Room|p1a: MK\n|-fieldstart|move: Trick Room|[of] p1a: MK\n|\n|upkeep\n|turn|16\n|inactive|ALL CHUNG has 60 seconds left.\n|\n|t:|1770178996\n|move|p1a: MK|Psychic|p2a: Pecharunt\n|-supereffective|p2a: Pecharunt\n|-damage|p2a: Pecharunt|41/100\n|move|p2a: Pecharunt|Recover|p2a: Pecharunt\n|-heal|p2a: Pecharunt|91/100\n|\n|upkeep\n|turn|17\n|inactive|ALL CHUNG has 60 seconds left.\n|\n|t:|1770179008\n|move|p1a: MK|Psychic|p2a: Pecharunt\n|-supereffective|p2a: Pecharunt\n|-crit|p2a: Pecharunt\n|-damage|p2a: Pecharunt|19/100\n|move|p2a: Pecharunt|Recover|p2a: Pecharunt\n|-heal|p2a: Pecharunt|69/100\n|\n|upkeep\n|turn|18\n|inactive|ALL CHUNG has 60 seconds left.\n|\n|t:|1770179020\n|move|p1a: MK|Psychic|p2a: Pecharunt\n|-supereffective|p2a: Pecharunt\n|-damage|p2a: Pecharunt|15/100\n|move|p2a: Pecharunt|Recover|p2a: Pecharunt\n|-heal|p2a: Pecharunt|65/100\n|\n|upkeep\n|turn|19\n|inactive|ALL CHUNG has 60 seconds left.\n|\n|t:|1770179032\n|move|p1a: MK|Psychic|p2a: Pecharunt\n|-supereffective|p2a: Pecharunt\n|-damage|p2a: Pecharunt|14/100\n|move|p2a: Pecharunt|Recover|p2a: Pecharunt\n|-heal|p2a: Pecharunt|64/100\n|\n|-fieldend|move: Trick Room\n|upkeep\n|turn|20\n|inactive|ALL CHUNG has 60 seconds left.\n|\n|t:|1770179043\n|move|p2a: Pecharunt|Parting Shot|p1a: MK\n|-unboost|p1a: MK|atk|1\n|-unboost|p1a: MK|spa|1\n|\n|t:|1770179055\n|switch|p2a: Ogerpon|Ogerpon, F|100/100|[from] Parting Shot\n|move|p1a: MK|Trick Room|p1a: MK\n|-fieldstart|move: Trick Room|[of] p1a: MK\n|\n|upkeep\n|turn|21\n|\n|t:|1770179059\n|move|p1a: MK|Lunar Dance|p1a: MK\n|faint|p1a: MK\n|move|p2a: Ogerpon|Ivy Cudgel|p1: MK|[notarget]\n|-fail|p2a: Ogerpon\n|\n|upkeep\n|\n|t:|1770179062\n|switch|p1a: Zico|Iron Hands, shiny|18/100 tox\n|-heal|p1a: Zico|100/100|[from] move: Lunar Dance\n|turn|22\n|\n|t:|1770179066\n|switch|p2a: Pecharunt|Pecharunt|64/100\n|move|p1a: Zico|Swords Dance|p1a: Zico\n|-boost|p1a: Zico|atk|2\n|\n|upkeep\n|turn|23\n|\n|t:|1770179082\n|move|p1a: Zico|Swords Dance|p1a: Zico\n|-boost|p1a: Zico|atk|2\n|move|p2a: Pecharunt|Foul Play|p1a: Zico\n|-resisted|p1a: Zico\n|-damage|p1a: Zico|66/100\n|\n|upkeep\n|turn|24\n|\n|t:|1770179098\n|switch|p2a: Blissey|Blissey, F|100/100\n|move|p1a: Zico|Wild Charge|p2a: Blissey\n|-damage|p2a: Blissey|0 fnt\n|faint|p2a: Blissey\n|-damage|p1a: Zico|35/100|[from] Recoil\n|\n|-fieldend|move: Trick Room\n|upkeep\n|inactive|ALL CHUNG has 60 seconds left.\n|\n|t:|1770179115\n|switch|p2a: Pecharunt|Pecharunt|64/100\n|turn|25\n|inactive|ALL CHUNG has 60 seconds left.\n|\n|t:|1770179131\n|move|p2a: Pecharunt|Foul Play|p1a: Zico\n|-resisted|p1a: Zico\n|-damage|p1a: Zico|0 fnt\n|faint|p1a: Zico\n|-end|p1a: Zico|Quark Drive|[silent]\n|\n|upkeep\n|\n|t:|1770179134\n|switch|p1a: Bis|Hatterene, F|100/100\n|turn|26\n|inactive|ALL CHUNG has 60 seconds left.\n|\n|t:|1770179150\n|move|p2a: Pecharunt|Malignant Chain|p1a: Bis\n|-supereffective|p1a: Bis\n|-damage|p1a: Bis|36/100\n|move|p1a: Bis|Psychic Noise|p2a: Pecharunt\n|-supereffective|p2a: Pecharunt\n|-damage|p2a: Pecharunt|0 fnt\n|faint|p2a: Pecharunt\n|\n|upkeep\n|\n|t:|1770179170\n|switch|p2a: Ogerpon|Ogerpon, F|100/100\n|turn|27\n|\n|t:|1770179174\n|-terastallize|p1a: Bis|Steel\n|move|p2a: Ogerpon|Ivy Cudgel|p1a: Bis\n|-resisted|p1a: Bis\n|-damage|p1a: Bis|6/100\n|move|p1a: Bis|Trick Room|p1a: Bis\n|-fieldstart|move: Trick Room|[of] p1a: Bis\n|\n|upkeep\n|turn|28\n|\n|t:|1770179188\n|move|p1a: Bis|Dazzling Gleam|p2a: Ogerpon\n|-damage|p2a: Ogerpon|47/100\n|move|p2a: Ogerpon|U-turn|p1a: Bis\n|-resisted|p1a: Bis\n|-damage|p1a: Bis|0 fnt\n|faint|p1a: Bis\n|\n|t:|1770179193\n|switch|p2a: Corviknight|Corviknight, F|100/100|[from] U-turn\n|-ability|p2a: Corviknight|Pressure\n|\n|upkeep\n|\n|t:|1770179196\n|switch|p1a: Blanco|Ursaluna, M|88/100\n|turn|29\n|\n|t:|1770179200\n|move|p1a: Blanco|Fire Punch|p2a: Corviknight\n|-supereffective|p2a: Corviknight\n|-damage|p2a: Corviknight|62/100\n|move|p2a: Corviknight|Roost|p2a: Corviknight\n|-heal|p2a: Corviknight|100/100\n|-singleturn|p2a: Corviknight|move: Roost\n|\n|upkeep\n|turn|30\n|\n|t:|1770179213\n|move|p1a: Blanco|Fire Punch|p2a: Corviknight\n|-supereffective|p2a: Corviknight\n|-damage|p2a: Corviknight|63/100\n|move|p2a: Corviknight|Body Press|p1a: Blanco\n|-supereffective|p1a: Blanco\n|-damage|p1a: Blanco|51/100\n|\n|upkeep\n|turn|31\n|inactive|ALL CHUNG has 60 seconds left.\n|\n|t:|1770179230\n|move|p1a: Blanco|Protect|p1a: Blanco\n|-singleturn|p1a: Blanco|Protect\n|move|p2a: Corviknight|Body Press|p1a: Blanco\n|-activate|p1a: Blanco|move: Protect\n|\n|-fieldend|move: Trick Room\n|upkeep\n|turn|32\n|\n|t:|1770179240\n|move|p2a: Corviknight|Body Press|p1a: Blanco\n|-supereffective|p1a: Blanco\n|-damage|p1a: Blanco|12/100\n|move|p1a: Blanco|Fire Punch|p2a: Corviknight\n|-supereffective|p2a: Corviknight\n|-damage|p2a: Corviknight|22/100\n|-status|p2a: Corviknight|brn\n|\n|-damage|p2a: Corviknight|16/100 brn|[from] brn\n|upkeep\n|turn|33\n|\n|t:|1770179253\n|move|p2a: Corviknight|Body Press|p1a: Blanco\n|-supereffective|p1a: Blanco\n|-damage|p1a: Blanco|0 fnt\n|faint|p1a: Blanco\n|\n|win|ALL CHUNG\n|raw|lousiv's rating: 1330 &rarr; <strong>1311</strong><br />(-19 for losing)\n|raw|ALL CHUNG's rating: 1347 &rarr; <strong>1366</strong><br />(+19 for winning)\n|c|\u2606ALL CHUNG|gg\n|c|\u2606ALL CHUNG|ttv/mfabso\n", "uploadtime": 1770179255, "views": 3, "formatid": "gen9ou", "rating": 1311, "private": 0, "password": null}