{"id":"gen9ou-2532451229","format":"[Gen 9] OU","players":["Pablovela0510","ALL CHUNG"],"log":"|j|\u2606Pablovela0510\n|j|\u2606ALL CHUNG\n|t:|1770178364\n|gametype|singles\n|player|p1|Pablovela0510|2|1412\n|player|p2|ALL CHUNG|crasherwake|1342\n|gen|9\n|tier|[Gen 9] OU\n|rated|\n|rule|HP Percentage Mod: HP is shown in percentages\n|rule|Endless Battle Clause: Forcing endless battles is banned\n|rule|Species Clause: Limit one of each Pok\u00e9mon\n|rule|OHKO Clause: OHKO moves are banned\n|rule|Evasion Items Clause: Evasion items are banned\n|rule|Evasion Moves Clause: Evasion moves are banned\n|rule|Evasion Abilities Clause: Evasion abilities are banned\n|rule|Sleep Moves Clause: Sleep-inducing moves are banned\n|clearpoke\n|poke|p1|Darkrai|\n|poke|p1|Ogerpon, F|\n|poke|p1|Gastrodon, M|\n|poke|p1|Skeledirge, F|\n|poke|p1|Maushold-Four|\n|poke|p1|Zamazenta-*|\n|poke|p2|Gliscor, M|\n|poke|p2|Gholdengo|\n|poke|p2|Zamazenta-*|\n|poke|p2|Blissey, F|\n|poke|p2|Skarmory, F|\n|poke|p2|Pecharunt|\n|teampreview\n|inactive|Battle timer is ON: inactive players will automatically lose when time's up. (requested by ALL CHUNG)\n|j| CHUNGMIGHT\n|\n|t:|1770178377\n|teamsize|p1|6\n|teamsize|p2|6\n|start\n|switch|p1a: Fred|Darkrai|100\/100\n|switch|p2a: Skarmory|Skarmory, F|100\/100\n|turn|1\n|\n|t:|1770178388\n|switch|p2a: Gliscor|Gliscor, M|100\/100\n|move|p1a: Fred|Dark Pulse|p2a: Gliscor\n|-damage|p2a: Gliscor|60\/100\n|\n|-status|p2a: Gliscor|tox|[from] item: Toxic Orb\n|upkeep\n|turn|2\n|\n|t:|1770178400\n|move|p2a: Gliscor|Protect|p2a: Gliscor\n|-singleturn|p2a: Gliscor|Protect\n|move|p1a: Fred|Dark Pulse|p2a: Gliscor\n|-activate|p2a: Gliscor|move: Protect\n|\n|-heal|p2a: Gliscor|73\/100 tox|[from] ability: Poison Heal\n|upkeep\n|turn|3\n|\n|t:|1770178411\n|switch|p2a: Zamazenta|Zamazenta|100\/100\n|-ability|p2a: Zamazenta|Dauntless Shield|boost\n|-boost|p2a: Zamazenta|def|1\n|move|p1a: Fred|Dark Pulse|p2a: Zamazenta\n|-resisted|p2a: Zamazenta\n|-damage|p2a: Zamazenta|80\/100\n|\n|upkeep\n|turn|4\n|\n|t:|1770178427\n|switch|p1a: Coco|Skeledirge, F|100\/100\n|move|p2a: Zamazenta|Crunch|p1a: Coco\n|-supereffective|p1a: Coco\n|-damage|p1a: Coco|64\/100\n|-unboost|p1a: Coco|def|1\n|\n|upkeep\n|turn|5\n|\n|t:|1770178445\n|switch|p1a: Shueck|Ogerpon, F|100\/100\n|move|p2a: Zamazenta|Crunch|p1a: Shueck\n|-damage|p1a: Shueck|64\/100\n|\n|upkeep\n|turn|6\n|\n|t:|1770178461\n|move|p2a: Zamazenta|Crunch|p1a: Shueck\n|-damage|p1a: Shueck|30\/100\n|move|p1a: Shueck|Rock Tomb|p2a: Zamazenta\n|-resisted|p2a: Zamazenta\n|-damage|p2a: Zamazenta|75\/100\n|-unboost|p2a: Zamazenta|spe|1\n|\n|upkeep\n|turn|7\n|\n|t:|1770178473\n|move|p1a: Shueck|Ivy Cudgel|p2a: Zamazenta\n|-damage|p2a: Zamazenta|41\/100\n|move|p2a: Zamazenta|Crunch|p1a: Shueck\n|-damage|p1a: Shueck|0 fnt\n|faint|p1a: Shueck\n|\n|upkeep\n|\n|t:|1770178483\n|switch|p1a: LaFamiliaEs1ro|Maushold-Four|100\/100\n|turn|8\n|\n|t:|1770178494\n|switch|p2a: Pecharunt|Pecharunt|100\/100\n|move|p1a: LaFamiliaEs1ro|Tidy Up|p1a: LaFamiliaEs1ro\n|-boost|p1a: LaFamiliaEs1ro|atk|1\n|-boost|p1a: LaFamiliaEs1ro|spe|1\n|\n|upkeep\n|turn|9\n|\n|t:|1770178510\n|move|p1a: LaFamiliaEs1ro|Beat Up|p2a: Pecharunt\n|-supereffective|p2a: Pecharunt\n|-damage|p2a: Pecharunt|94\/100\n|-supereffective|p2a: Pecharunt\n|-damage|p2a: Pecharunt|88\/100\n|-supereffective|p2a: Pecharunt\n|-damage|p2a: Pecharunt|82\/100\n|-supereffective|p2a: Pecharunt\n|-damage|p2a: Pecharunt|74\/100\n|-supereffective|p2a: Pecharunt\n|-damage|p2a: Pecharunt|65\/100\n|-hitcount|p2a: Pecharunt|5\n|move|p2a: Pecharunt|Parting Shot|p1a: LaFamiliaEs1ro\n|-unboost|p1a: LaFamiliaEs1ro|atk|1\n|-unboost|p1a: LaFamiliaEs1ro|spa|1\n|inactive|ALL CHUNG has 120 seconds left.\n|\n|t:|1770178529\n|switch|p2a: Gliscor|Gliscor, M|73\/100 tox|[from] Parting Shot\n|\n|-heal|p2a: Gliscor|85\/100 tox|[from] ability: Poison Heal\n|upkeep\n|turn|10\n|inactive|ALL CHUNG has 120 seconds left.\n|\n|t:|1770178546\n|move|p1a: LaFamiliaEs1ro|Population Bomb|p2a: Gliscor\n|-damage|p2a: Gliscor|76\/100 tox\n|-damage|p2a: Gliscor|68\/100 tox\n|-crit|p2a: Gliscor\n|-damage|p2a: Gliscor|55\/100 tox\n|-damage|p2a: Gliscor|46\/100 tox\n|-damage|p2a: Gliscor|38\/100 tox\n|-damage|p2a: Gliscor|29\/100 tox\n|-damage|p2a: Gliscor|20\/100 tox\n|-damage|p2a: Gliscor|12\/100 tox\n|-damage|p2a: Gliscor|3\/100 tox\n|-damage|p2a: Gliscor|0 fnt\n|faint|p2a: Gliscor\n|-hitcount|p2: Gliscor|10\n|\n|upkeep\n|\n|t:|1770178562\n|switch|p2a: Pecharunt|Pecharunt|65\/100\n|turn|11\n|\n|t:|1770178578\n|switch|p1a: Felipe|Gastrodon, M|100\/100\n|move|p2a: Pecharunt|Parting Shot|p1a: Felipe\n|-unboost|p1a: Felipe|atk|1\n|-unboost|p1a: Felipe|spa|1\n|inactive|ALL CHUNG has 90 seconds left.\n|\n|t:|1770178589\n|switch|p2a: Blissey|Blissey, F|100\/100|[from] Parting Shot\n|\n|upkeep\n|turn|12\n|inactive|ALL CHUNG has 90 seconds left.\n|\n|t:|1770178600\n|switch|p1a: Fred|Darkrai|100\/100\n|move|p2a: Blissey|Stealth Rock|p1a: Fred\n|-sidestart|p1: Pablovela0510|move: Stealth Rock\n|\n|upkeep\n|turn|13\n|inactive|ALL CHUNG has 90 seconds left.\n|\n|t:|1770178612\n|move|p1a: Fred|Trick|p2a: Blissey\n|-activate|p1a: Fred|move: Trick|[of] p2a: Blissey\n|-item|p2a: Blissey|Choice Scarf|[from] move: Trick\n|-item|p1a: Fred|Heavy-Duty Boots|[from] move: Trick\n|move|p2a: Blissey|Calm Mind|p2a: Blissey\n|-boost|p2a: Blissey|spa|1\n|-boost|p2a: Blissey|spd|1\n|\n|upkeep\n|turn|14\n|inactive|ALL CHUNG has 90 seconds left.\n|\n|t:|1770178623\n|switch|p2a: Zamazenta|Zamazenta|41\/100\n|move|p1a: Fred|Sludge Bomb|p2a: Zamazenta\n|-damage|p2a: Zamazenta|12\/100\n|\n|upkeep\n|turn|15\n|inactive|ALL CHUNG has 90 seconds left.\n|\n|t:|1770178640\n|move|p2a: Zamazenta|Crunch|p1a: Fred\n|-resisted|p1a: Fred\n|-damage|p1a: Fred|83\/100\n|move|p1a: Fred|Dark Pulse|p2a: Zamazenta\n|-resisted|p2a: Zamazenta\n|-damage|p2a: Zamazenta|0 fnt\n|faint|p2a: Zamazenta\n|\n|upkeep\n|\n|t:|1770178659\n|switch|p2a: Blissey|Blissey, F|100\/100\n|turn|16\n|\n|t:|1770178670\n|switch|p1a: Felipe|Gastrodon, M|100\/100\n|-damage|p1a: Felipe|94\/100|[from] Stealth Rock\n|move|p2a: Blissey|Shadow Ball|p1a: Felipe\n|-damage|p1a: Felipe|83\/100\n|\n|upkeep\n|turn|17\n|\n|t:|1770178686\n|move|p2a: Blissey|Shadow Ball|p1a: Felipe\n|-damage|p1a: Felipe|72\/100\n|move|p1a: Felipe|Muddy Water|p2a: Blissey\n|-damage|p2a: Blissey|90\/100\n|\n|upkeep\n|turn|18\n|\n|t:|1770178702\n|switch|p1a: LaFamiliaEs1ro|Maushold-Four|100\/100\n|-damage|p1a: LaFamiliaEs1ro|88\/100|[from] Stealth Rock\n|move|p2a: Blissey|Shadow Ball|p1a: LaFamiliaEs1ro\n|-immune|p1a: LaFamiliaEs1ro\n|\n|upkeep\n|turn|19\n|inactive|ALL CHUNG has 60 seconds left.\n|\n|t:|1770178718\n|switch|p2a: Pecharunt|Pecharunt|65\/100\n|move|p1a: LaFamiliaEs1ro|Tidy Up|p1a: LaFamiliaEs1ro\n|-sideend|p1: Pablovela0510|Stealth Rock\n|-activate|p1a: LaFamiliaEs1ro|move: Tidy Up\n|-boost|p1a: LaFamiliaEs1ro|atk|1\n|-boost|p1a: LaFamiliaEs1ro|spe|1\n|\n|upkeep\n|turn|20\n|inactive|ALL CHUNG has 60 seconds left.\n|\n|t:|1770178734\n|move|p1a: LaFamiliaEs1ro|Beat Up|p2a: Pecharunt\n|-supereffective|p2a: Pecharunt\n|-damage|p2a: Pecharunt|58\/100\n|-supereffective|p2a: Pecharunt\n|-damage|p2a: Pecharunt|52\/100\n|-supereffective|p2a: Pecharunt\n|-damage|p2a: Pecharunt|46\/100\n|-supereffective|p2a: Pecharunt\n|-damage|p2a: Pecharunt|38\/100\n|-supereffective|p2a: Pecharunt\n|-damage|p2a: Pecharunt|29\/100\n|-hitcount|p2a: Pecharunt|5\n|move|p2a: Pecharunt|Parting Shot|p1a: LaFamiliaEs1ro\n|-unboost|p1a: LaFamiliaEs1ro|atk|1\n|-unboost|p1a: LaFamiliaEs1ro|spa|1\n|\n|t:|1770178755\n|switch|p2a: Gholdengo|Gholdengo|100\/100|[from] Parting Shot\n|\n|upkeep\n|turn|21\n|\n|t:|1770178759\n|switch|p2a: Blissey|Blissey, F|90\/100\n|move|p1a: LaFamiliaEs1ro|Beat Up|p2a: Blissey\n|-damage|p2a: Blissey|86\/100\n|-damage|p2a: Blissey|81\/100\n|-damage|p2a: Blissey|76\/100\n|-damage|p2a: Blissey|71\/100\n|-damage|p2a: Blissey|64\/100\n|-hitcount|p2a: Blissey|5\n|\n|upkeep\n|turn|22\n|\n|t:|1770178766\n|switch|p2a: Pecharunt|Pecharunt|29\/100\n|move|p1a: LaFamiliaEs1ro|Population Bomb|p2a: Pecharunt\n|-immune|p2a: Pecharunt\n|\n|upkeep\n|turn|23\n|\n|t:|1770178771\n|move|p1a: LaFamiliaEs1ro|Beat Up|p2a: Pecharunt\n|-supereffective|p2a: Pecharunt\n|-damage|p2a: Pecharunt|25\/100\n|-supereffective|p2a: Pecharunt\n|-damage|p2a: Pecharunt|20\/100\n|-supereffective|p2a: Pecharunt\n|-damage|p2a: Pecharunt|16\/100\n|-supereffective|p2a: Pecharunt\n|-damage|p2a: Pecharunt|10\/100\n|-supereffective|p2a: Pecharunt\n|-damage|p2a: Pecharunt|4\/100\n|-hitcount|p2a: Pecharunt|5\n|move|p2a: Pecharunt|Parting Shot|p1a: LaFamiliaEs1ro\n|-unboost|p1a: LaFamiliaEs1ro|atk|1\n|-unboost|p1a: LaFamiliaEs1ro|spa|1\n|inactive|ALL CHUNG has 60 seconds left.\n|\n|t:|1770178790\n|switch|p2a: Gholdengo|Gholdengo|100\/100|[from] Parting Shot\n|\n|upkeep\n|turn|24\n|inactive|ALL CHUNG has 60 seconds left.\n|\n|t:|1770178806\n|switch|p1a: Felipe|Gastrodon, M|72\/100\n|switch|p2a: Blissey|Blissey, F|64\/100\n|\n|upkeep\n|turn|25\n|\n|t:|1770178817\n|switch|p2a: Pecharunt|Pecharunt|4\/100\n|switch|p1a: LaFamiliaEs1ro|Maushold-Four|88\/100\n|\n|upkeep\n|turn|26\n|\n|t:|1770178821\n|move|p1a: LaFamiliaEs1ro|Beat Up|p2a: Pecharunt\n|-supereffective|p2a: Pecharunt\n|-damage|p2a: Pecharunt|0 fnt\n|faint|p2a: Pecharunt\n|-hitcount|p2: Pecharunt|1\n|\n|upkeep\n|inactive|ALL CHUNG has 60 seconds left.\n|\n|t:|1770178829\n|switch|p2a: Gholdengo|Gholdengo|100\/100\n|turn|27\n|inactive|ALL CHUNG has 60 seconds left.\n|\n|t:|1770178846\n|switch|p1a: Felipe|Gastrodon, M|72\/100\n|switch|p2a: Blissey|Blissey, F|64\/100\n|\n|upkeep\n|turn|28\n|inactive|ALL CHUNG has 60 seconds left.\n|\n|t:|1770178859\n|move|p2a: Blissey|Stealth Rock|p1a: Felipe\n|-sidestart|p1: Pablovela0510|move: Stealth Rock\n|move|p1a: Felipe|Muddy Water|p2a: Blissey\n|-damage|p2a: Blissey|55\/100\n|\n|upkeep\n|turn|29\n|inactive|ALL CHUNG has 60 seconds left.\n|\n|t:|1770178871\n|switch|p2a: Gholdengo|Gholdengo|100\/100\n|move|p1a: Felipe|Muddy Water|p2a: Gholdengo\n|-damage|p2a: Gholdengo|70\/100\n|\n|upkeep\n|turn|30\n|inactive|ALL CHUNG has 60 seconds left.\n|\n|t:|1770178884\n|switch|p2a: Blissey|Blissey, F|55\/100\n|move|p1a: Felipe|Earth Power|p2a: Blissey\n|-damage|p2a: Blissey|45\/100\n|\n|upkeep\n|turn|31\n|inactive|ALL CHUNG has 60 seconds left.\n|\n|t:|1770178896\n|move|p2a: Blissey|Soft-Boiled|p2a: Blissey\n|-heal|p2a: Blissey|95\/100\n|move|p1a: Felipe|Muddy Water|p2a: Blissey\n|-damage|p2a: Blissey|85\/100\n|\n|upkeep\n|turn|32\n|inactive|ALL CHUNG has 60 seconds left.\n|\n|t:|1770178908\n|move|p2a: Blissey|Soft-Boiled|p2a: Blissey\n|-heal|p2a: Blissey|100\/100\n|move|p1a: Felipe|Sludge Bomb|p2a: Blissey\n|-damage|p2a: Blissey|94\/100\n|-status|p2a: Blissey|psn\n|\n|-damage|p2a: Blissey|81\/100 psn|[from] psn\n|upkeep\n|turn|33\n|inactive|ALL CHUNG has 60 seconds left.\n|\n|t:|1770178921\n|-curestatus|p2a: Blissey|psn|[from] ability: Natural Cure\n|switch|p2a: Skarmory|Skarmory, F|100\/100\n|move|p1a: Felipe|Muddy Water|p2a: Skarmory\n|-damage|p2a: Skarmory|58\/100\n|\n|upkeep\n|turn|34\n|inactive|ALL CHUNG has 60 seconds left.\n|\n|t:|1770178933\n|move|p2a: Skarmory|Roost|p2a: Skarmory\n|-heal|p2a: Skarmory|100\/100\n|-singleturn|p2a: Skarmory|move: Roost\n|move|p1a: Felipe|Muddy Water|p2a: Skarmory\n|-damage|p2a: Skarmory|56\/100\n|\n|upkeep\n|turn|35\n|inactive|ALL CHUNG has 60 seconds left.\n|\n|t:|1770178945\n|move|p2a: Skarmory|Roost|p2a: Skarmory\n|-heal|p2a: Skarmory|100\/100\n|-singleturn|p2a: Skarmory|move: Roost\n|move|p1a: Felipe|Earth Power|p2a: Skarmory\n|-supereffective|p2a: Skarmory\n|-damage|p2a: Skarmory|5\/100\n|\n|upkeep\n|turn|36\n|inactive|ALL CHUNG has 60 seconds left.\n|\n|t:|1770178957\n|move|p2a: Skarmory|Roost|p2a: Skarmory\n|-heal|p2a: Skarmory|55\/100\n|-singleturn|p2a: Skarmory|move: Roost\n|move|p1a: Felipe|Earth Power|p2a: Skarmory\n|-supereffective|p2a: Skarmory\n|-damage|p2a: Skarmory|0 fnt\n|faint|p2a: Skarmory\n|\n|upkeep\n|\n|t:|1770178968\n|switch|p2a: Blissey|Blissey, F|81\/100\n|turn|37\n|\n|t:|1770178973\n|switch|p1a: LaFamiliaEs1ro|Maushold-Four|88\/100\n|-damage|p1a: LaFamiliaEs1ro|76\/100|[from] Stealth Rock\n|move|p2a: Blissey|Soft-Boiled|p2a: Blissey\n|-heal|p2a: Blissey|100\/100\n|\n|upkeep\n|turn|38\n|\n|t:|1770178977\n|switch|p2a: Gholdengo|Gholdengo|70\/100\n|move|p1a: LaFamiliaEs1ro|Tidy Up|p1a: LaFamiliaEs1ro\n|-sideend|p1: Pablovela0510|Stealth Rock\n|-activate|p1a: LaFamiliaEs1ro|move: Tidy Up\n|-boost|p1a: LaFamiliaEs1ro|atk|1\n|-boost|p1a: LaFamiliaEs1ro|spe|1\n|\n|upkeep\n|turn|39\n|\n|t:|1770178993\n|move|p1a: LaFamiliaEs1ro|Beat Up|p2a: Gholdengo\n|-supereffective|p2a: Gholdengo\n|-damage|p2a: Gholdengo|61\/100\n|-supereffective|p2a: Gholdengo\n|-damage|p2a: Gholdengo|51\/100\n|-supereffective|p2a: Gholdengo\n|-crit|p2a: Gholdengo\n|-damage|p2a: Gholdengo|35\/100\n|-supereffective|p2a: Gholdengo\n|-damage|p2a: Gholdengo|23\/100\n|-supereffective|p2a: Gholdengo\n|-damage|p2a: Gholdengo|8\/100\n|-hitcount|p2a: Gholdengo|5\n|move|p2a: Gholdengo|Recover|p2a: Gholdengo\n|-heal|p2a: Gholdengo|58\/100\n|\n|upkeep\n|turn|40\n|inactive|ALL CHUNG has 60 seconds left.\n|\n|t:|1770179013\n|-terastallize|p2a: Gholdengo|Fairy\n|move|p1a: LaFamiliaEs1ro|Beat Up|p2a: Gholdengo\n|-resisted|p2a: Gholdengo\n|-damage|p2a: Gholdengo|56\/100\n|-resisted|p2a: Gholdengo\n|-damage|p2a: Gholdengo|53\/100\n|-resisted|p2a: Gholdengo\n|-damage|p2a: Gholdengo|51\/100\n|-resisted|p2a: Gholdengo\n|-damage|p2a: Gholdengo|48\/100\n|-resisted|p2a: Gholdengo\n|-damage|p2a: Gholdengo|45\/100\n|-hitcount|p2a: Gholdengo|5\n|move|p2a: Gholdengo|Thunder Wave|p1a: LaFamiliaEs1ro|[miss]\n|-miss|p2a: Gholdengo|p1a: LaFamiliaEs1ro\n|\n|upkeep\n|turn|41\n|inactive|ALL CHUNG has 60 seconds left.\n|\n|t:|1770179031\n|switch|p2a: Blissey|Blissey, F|100\/100\n|move|p1a: LaFamiliaEs1ro|Population Bomb|p2a: Blissey\n|-damage|p2a: Blissey|83\/100\n|-damage|p2a: Blissey|67\/100\n|-damage|p2a: Blissey|50\/100\n|-damage|p2a: Blissey|33\/100\n|-damage|p2a: Blissey|15\/100\n|-damage|p2a: Blissey|0 fnt\n|faint|p2a: Blissey\n|-hitcount|p2: Blissey|6\n|\n|upkeep\n|\n|t:|1770179044\n|switch|p2a: Gholdengo|Gholdengo, tera:Fairy|45\/100\n|turn|42\n|\n|t:|1770179047\n|move|p1a: LaFamiliaEs1ro|Population Bomb|p2a: Gholdengo\n|-damage|p2a: Gholdengo|33\/100\n|-damage|p2a: Gholdengo|20\/100\n|-damage|p2a: Gholdengo|7\/100\n|-damage|p2a: Gholdengo|0 fnt\n|faint|p2a: Gholdengo\n|-hitcount|p2: Gholdengo|4\n|\n|win|Pablovela0510\n|raw|Pablovela0510's rating: 1412 &rarr; <strong>1429<\/strong><br \/>(+17 for winning)\n|raw|ALL CHUNG's rating: 1364 &rarr; <strong>1347<\/strong><br \/>(-17 for losing)\n|c|\u2606ALL CHUNG|gg\n|c|\u2606ALL CHUNG|ttv\/mfabso\n","uploadtime":1770179049,"views":5,"formatid":"gen9ou","rating":1347,"private":0,"password":null}
