{"id": "gen9ou-2532455731", "format": "[Gen 9] OU", "players": ["anyone222", "ALL CHUNG"], "log": "|j|\u2606anyone222\n|j|\u2606ALL CHUNG\n|t:|1770179023\n|gametype|singles\n|player|p1|anyone222|169|1368\n|player|p2|ALL CHUNG|crasherwake|1364\n|gen|9\n|tier|[Gen 9] OU\n|rated|\n|rule|HP Percentage Mod: HP is shown in percentages\n|rule|Endless Battle Clause: Forcing endless battles is banned\n|rule|Species Clause: Limit one of each Pok\u00e9mon\n|rule|OHKO Clause: OHKO moves are banned\n|rule|Evasion Items Clause: Evasion items are banned\n|rule|Evasion Moves Clause: Evasion moves are banned\n|rule|Evasion Abilities Clause: Evasion abilities are banned\n|rule|Sleep Moves Clause: Sleep-inducing moves are banned\n|clearpoke\n|poke|p1|Ogerpon-Wellspring, F|\n|poke|p1|Kingambit, F|\n|poke|p1|Landorus-Therian, M|\n|poke|p1|Tornadus-Therian, M|\n|poke|p1|Dragonite, M|\n|poke|p1|Iron Valiant|\n|poke|p2|Corviknight, M|\n|poke|p2|Ting-Lu|\n|poke|p2|Kyurem|\n|poke|p2|Dondozo, F|\n|poke|p2|Slowking-Galar, M|\n|poke|p2|Cinderace, F|\n|teampreview\n|inactive|Battle timer is ON: inactive players will automatically lose when time's up. (requested by ALL CHUNG)\n|j| CHUNGMIGHT\n|\n|t:|1770179031\n|teamsize|p1|6\n|teamsize|p2|6\n|start\n|switch|p1a: Godert|Landorus-Therian, M, shiny|100/100\n|switch|p2a: Cinderace|Cinderace, F|100/100\n|-ability|p1a: Godert|Intimidate|boost\n|-unboost|p2a: Cinderace|atk|1\n|turn|1\n|\n|t:|1770179042\n|switch|p2a: Kyurem|Kyurem|100/100\n|-ability|p2a: Kyurem|Pressure\n|move|p1a: Godert|Earthquake|p2a: Kyurem\n|-damage|p2a: Kyurem|49/100\n|\n|-heal|p2a: Kyurem|55/100|[from] item: Leftovers\n|upkeep\n|turn|2\n|\n|t:|1770179058\n|-terastallize|p1a: Godert|Fairy\n|move|p2a: Kyurem|Freeze-Dry|p1a: Godert\n|-damage|p1a: Godert|61/100\n|move|p1a: Godert|Swords Dance|p1a: Godert\n|-boost|p1a: Godert|atk|2\n|\n|-heal|p2a: Kyurem|62/100|[from] item: Leftovers\n|-heal|p1a: Godert|67/100|[from] item: Leftovers\n|upkeep\n|turn|3\n|\n|t:|1770179074\n|move|p2a: Kyurem|Freeze-Dry|p1a: Godert\n|-damage|p1a: Godert|26/100\n|move|p1a: Godert|Earthquake|p2a: Kyurem\n|-damage|p2a: Kyurem|0 fnt\n|faint|p2a: Kyurem\n|\n|-heal|p1a: Godert|32/100|[from] item: Leftovers\n|upkeep\n|inactive|ALL CHUNG has 120 seconds left.\n|\n|t:|1770179091\n|switch|p2a: Cinderace|Cinderace, F|100/100\n|turn|4\n|inactive|ALL CHUNG has 120 seconds left.\n|\n|t:|1770179107\n|move|p2a: Cinderace|Pyro Ball|p1a: Godert\n|-damage|p1a: Godert|0 fnt\n|faint|p1a: Godert\n|\n|upkeep\n|\n|t:|1770179110\n|switch|p1a: Haku|Ogerpon-Wellspring, F|100/100\n|turn|5\n|inactive|ALL CHUNG has 120 seconds left.\n|\n|t:|1770179126\n|move|p2a: Cinderace|U-turn|p1a: Haku\n|-supereffective|p1a: Haku\n|-damage|p1a: Haku|52/100\n|\n|t:|1770179142\n|switch|p2a: Corviknight|Corviknight, M|100/100|[from] U-turn\n|-ability|p2a: Corviknight|Pressure\n|move|p1a: Haku|Trailblaze|p2a: Corviknight\n|-resisted|p2a: Corviknight\n|-damage|p2a: Corviknight|96/100\n|-boost|p1a: Haku|spe|1\n|-damage|p1a: Haku|35/100|[from] item: Rocky Helmet|[of] p2a: Corviknight\n|\n|upkeep\n|turn|6\n|\n|t:|1770179158\n|move|p1a: Haku|Ivy Cudgel|p2a: Corviknight|[anim] Ivy Cudgel Water\n|-damage|p2a: Corviknight|61/100\n|move|p2a: Corviknight|U-turn|p1a: Haku\n|-supereffective|p1a: Haku\n|-damage|p1a: Haku|0 fnt\n|faint|p1a: Haku\n|c|\u2606anyone222|didnt we just play\n|inactive|ALL CHUNG has 90 seconds left.\n|\n|t:|1770179174\n|switch|p2a: Cinderace|Cinderace, F|100/100|[from] U-turn\n|\n|upkeep\n|\n|t:|1770179179\n|switch|p1a: Fluff|Dragonite, M, shiny|100/100\n|turn|7\n|\n|t:|1770179191\n|move|p2a: Cinderace|U-turn|p1a: Fluff\n|-resisted|p1a: Fluff\n|-damage|p1a: Fluff|96/100\n|inactive|ALL CHUNG has 90 seconds left.\n|\n|t:|1770179204\n|switch|p2a: Corviknight|Corviknight, M|61/100|[from] U-turn\n|-ability|p2a: Corviknight|Pressure\n|move|p1a: Fluff|Dragon Dance|p1a: Fluff\n|-boost|p1a: Fluff|atk|1\n|-boost|p1a: Fluff|spe|1\n|\n|upkeep\n|turn|8\n|inactive|ALL CHUNG has 90 seconds left.\n|\n|t:|1770179220\n|move|p1a: Fluff|Dragon Dance|p1a: Fluff\n|-boost|p1a: Fluff|atk|1\n|-boost|p1a: Fluff|spe|1\n|move|p2a: Corviknight|Brave Bird|p1a: Fluff\n|-damage|p1a: Fluff|56/100\n|-damage|p2a: Corviknight|50/100|[from] Recoil\n|\n|upkeep\n|turn|9\n|inactive|ALL CHUNG has 90 seconds left.\n|\n|t:|1770179237\n|move|p1a: Fluff|Ice Spinner|p2a: Corviknight\n|-damage|p2a: Corviknight|4/100\n|-damage|p1a: Fluff|39/100|[from] item: Rocky Helmet|[of] p2a: Corviknight\n|-damage|p1a: Fluff|29/100|[from] item: Life Orb\n|move|p2a: Corviknight|Brave Bird|p1a: Fluff\n|-damage|p1a: Fluff|0 fnt\n|faint|p1a: Fluff\n|-damage|p2a: Corviknight|0 fnt|[from] Recoil\n|faint|p2a: Corviknight\n|\n|upkeep\n|\n|t:|1770179256\n|switch|p1a: Tornadus|Tornadus-Therian, M|100/100\n|switch|p2a: Dondozo|Dondozo, F|100/100\n|turn|10\n|\n|t:|1770179275\n|move|p1a: Tornadus|Nasty Plot|p1a: Tornadus\n|-boost|p1a: Tornadus|spa|2\n|move|p2a: Dondozo|Curse|p2a: Dondozo\n|-unboost|p2a: Dondozo|spe|1\n|-boost|p2a: Dondozo|atk|1\n|-boost|p2a: Dondozo|def|1\n|\n|upkeep\n|turn|11\n|\n|t:|1770179291\n|move|p1a: Tornadus|Nasty Plot|p1a: Tornadus\n|-boost|p1a: Tornadus|spa|2\n|move|p2a: Dondozo|Waterfall|p1a: Tornadus\n|-damage|p1a: Tornadus|44/100\n|\n|upkeep\n|turn|12\n|inactive|ALL CHUNG has 60 seconds left.\n|\n|t:|1770179308\n|move|p1a: Tornadus|Hurricane|p2a: Dondozo\n|-damage|p2a: Dondozo|60/100\n|move|p2a: Dondozo|Waterfall|p1a: Tornadus\n|-damage|p1a: Tornadus|0 fnt\n|faint|p1a: Tornadus\n|\n|-heal|p2a: Dondozo|66/100|[from] item: Leftovers\n|upkeep\n|\n|t:|1770179311\n|switch|p1a: Reaper|Iron Valiant, shiny|100/100\n|-enditem|p1a: Reaper|Booster Energy\n|-activate|p1a: Reaper|ability: Quark Drive|[fromitem]\n|-start|p1a: Reaper|quarkdrivespe\n|turn|13\n|\n|t:|1770179322\n|move|p1a: Reaper|Moonblast|p2a: Dondozo\n|-damage|p2a: Dondozo|37/100\n|move|p2a: Dondozo|Waterfall|p1a: Reaper\n|-damage|p1a: Reaper|46/100\n|\n|-heal|p2a: Dondozo|43/100|[from] item: Leftovers\n|upkeep\n|turn|14\n|\n|t:|1770179334\n|move|p1a: Reaper|Moonblast|p2a: Dondozo\n|-damage|p2a: Dondozo|12/100\n|move|p2a: Dondozo|Waterfall|p1a: Reaper\n|-damage|p1a: Reaper|0 fnt\n|faint|p1a: Reaper\n|-end|p1a: Reaper|Quark Drive|[silent]\n|\n|-heal|p2a: Dondozo|18/100|[from] item: Leftovers\n|upkeep\n|\n|t:|1770179336\n|switch|p1a: Master Splinter|Kingambit, F, shiny|100/100\n|-activate|p1a: Master Splinter|ability: Supreme Overlord\n|-start|p1a: Master Splinter|fallen5|[silent]\n|turn|15\n|\n|t:|1770179347\n|-terastallize|p2a: Dondozo|Dark\n|move|p1a: Master Splinter|Swords Dance|p1a: Master Splinter\n|-boost|p1a: Master Splinter|atk|2\n|move|p2a: Dondozo|Body Press|p1a: Master Splinter\n|-supereffective|p1a: Master Splinter\n|-damage|p1a: Master Splinter|15/100\n|\n|-heal|p1a: Master Splinter|21/100|[from] item: Leftovers\n|-heal|p2a: Dondozo|24/100|[from] item: Leftovers\n|upkeep\n|turn|16\n|\n|t:|1770179364\n|move|p1a: Master Splinter|Brick Break|p2a: Dondozo\n|-supereffective|p2a: Dondozo\n|-damage|p2a: Dondozo|0 fnt\n|faint|p2a: Dondozo\n|\n|-heal|p1a: Master Splinter|27/100|[from] item: Leftovers\n|upkeep\n|inactive|ALL CHUNG has 60 seconds left.\n|\n|t:|1770179378\n|switch|p2a: Cinderace|Cinderace, F|100/100\n|turn|17\n|inactive|ALL CHUNG has 60 seconds left.\n|\n|t:|1770179391\n|move|p1a: Master Splinter|Sucker Punch|p2a: Cinderace\n|-damage|p2a: Cinderace|0 fnt\n|faint|p2a: Cinderace\n|\n|-heal|p1a: Master Splinter|33/100|[from] item: Leftovers\n|upkeep\n|inactive|ALL CHUNG has 60 seconds left.\n|c|\u2606anyone222|ting lu problem\n|\n|t:|1770179407\n|switch|p2a: Ting-Lu|Ting-Lu|100/100\n|-ability|p2a: Ting-Lu|Vessel of Ruin\n|turn|18\n|\n|t:|1770179421\n|move|p1a: Master Splinter|Brick Break|p2a: Ting-Lu\n|-supereffective|p2a: Ting-Lu\n|-damage|p2a: Ting-Lu|4/100\n|move|p2a: Ting-Lu|Earthquake|p1a: Master Splinter\n|-supereffective|p1a: Master Splinter\n|-damage|p1a: Master Splinter|0 fnt\n|faint|p1a: Master Splinter\n|-end|p1a: Master Splinter|fallen5|[silent]\n|\n|win|ALL CHUNG\n|raw|anyone222's rating: 1368 &rarr; <strong>1349</strong><br />(-19 for losing)\n|raw|ALL CHUNG's rating: 1389 &rarr; <strong>1408</strong><br />(+19 for winning)\n|c|\u2606ALL CHUNG|gg\n|c|\u2606ALL CHUNG|ttv/mfabso\n", "uploadtime": 1770179423, "views": 2, "formatid": "gen9ou", "rating": 1349, "private": 0, "password": null}