{"id":"gen9ou-2532455928","format":"[Gen 9] OU","players":["ALL CHUNG","to225mi"],"log":"|j|\u2606ALL CHUNG\n|j|\u2606to225mi\n|t:|1770179051\n|gametype|singles\n|player|p1|ALL CHUNG|crasherwake|1347\n|player|p2|to225mi|nate|1413\n|gen|9\n|tier|[Gen 9] OU\n|rated|\n|rule|HP Percentage Mod: HP is shown in percentages\n|rule|Endless Battle Clause: Forcing endless battles is banned\n|rule|Species Clause: Limit one of each Pok\u00e9mon\n|rule|OHKO Clause: OHKO moves are banned\n|rule|Evasion Items Clause: Evasion items are banned\n|rule|Evasion Moves Clause: Evasion moves are banned\n|rule|Evasion Abilities Clause: Evasion abilities are banned\n|rule|Sleep Moves Clause: Sleep-inducing moves are banned\n|clearpoke\n|poke|p1|Gliscor, F|\n|poke|p1|Gholdengo|\n|poke|p1|Zamazenta-*|\n|poke|p1|Blissey, F|\n|poke|p1|Skarmory, F|\n|poke|p1|Pecharunt|\n|poke|p2|Rillaboom, M|\n|poke|p2|Serperior, F|\n|poke|p2|Heatran, F|\n|poke|p2|Gholdengo|\n|poke|p2|Zamazenta-*|\n|poke|p2|Great Tusk|\n|teampreview\n|inactive|Battle timer is ON: inactive players will automatically lose when time's up. (requested by ALL CHUNG)\n|\n|t:|1770179054\n|teamsize|p1|6\n|teamsize|p2|6\n|start\n|switch|p1a: Skarmory|Skarmory, F|100\/100\n|switch|p2a: Great Tusk|Great Tusk|100\/100\n|-enditem|p2a: Great Tusk|Booster Energy\n|-activate|p2a: Great Tusk|ability: Protosynthesis|[fromitem]\n|-start|p2a: Great Tusk|protosynthesisspe\n|turn|1\n|j| CHUNGMIGHT\n|\n|t:|1770179065\n|move|p2a: Great Tusk|Bulk Up|p2a: Great Tusk\n|-boost|p2a: Great Tusk|atk|1\n|-boost|p2a: Great Tusk|def|1\n|move|p1a: Skarmory|Spikes|p2a: Great Tusk\n|-sidestart|p2: to225mi|Spikes\n|\n|upkeep\n|turn|2\n|\n|t:|1770179081\n|move|p2a: Great Tusk|Bulk Up|p2a: Great Tusk\n|-boost|p2a: Great Tusk|atk|1\n|-boost|p2a: Great Tusk|def|1\n|move|p1a: Skarmory|Spikes|p2a: Great Tusk\n|-sidestart|p2: to225mi|Spikes\n|\n|upkeep\n|turn|3\n|\n|t:|1770179096\n|move|p2a: Great Tusk|Head Smash|p1a: Skarmory\n|-damage|p1a: Skarmory|47\/100\n|-damage|p2a: Great Tusk|80\/100|[from] Recoil\n|move|p1a: Skarmory|Spikes|p2a: Great Tusk\n|-sidestart|p2: to225mi|Spikes\n|\n|upkeep\n|turn|4\n|\n|t:|1770179113\n|switch|p1a: Gholdengo|Gholdengo|100\/100\n|move|p2a: Great Tusk|Head Smash|p1a: Gholdengo\n|-resisted|p1a: Gholdengo\n|-damage|p1a: Gholdengo|71\/100\n|-damage|p2a: Great Tusk|67\/100|[from] Recoil\n|\n|upkeep\n|turn|5\n|inactive|ALL CHUNG has 120 seconds left.\n|\n|t:|1770179130\n|switch|p1a: Skarmory|Skarmory, F|47\/100\n|move|p2a: Great Tusk|Headlong Rush|p1a: Skarmory\n|-immune|p1a: Skarmory\n|\n|upkeep\n|turn|6\n|inactive|ALL CHUNG has 120 seconds left.\n|\n|t:|1770179145\n|switch|p1a: Blissey|Blissey, F|100\/100\n|move|p2a: Great Tusk|Head Smash|p1a: Blissey\n|-damage|p1a: Blissey|6\/100\n|-damage|p2a: Great Tusk|0 fnt|[from] Recoil\n|faint|p2a: Great Tusk\n|-end|p2a: Great Tusk|Protosynthesis|[silent]\n|\n|upkeep\n|\n|t:|1770179156\n|switch|p2a: Rillaboom|Rillaboom, M|100\/100\n|-damage|p2a: Rillaboom|76\/100|[from] Spikes\n|-fieldstart|move: Grassy Terrain|[from] ability: Grassy Surge|[of] p2a: Rillaboom\n|turn|7\n|inactive|ALL CHUNG has 120 seconds left.\n|\n|t:|1770179167\n|switch|p1a: Zamazenta|Zamazenta|100\/100\n|-ability|p1a: Zamazenta|Dauntless Shield|boost\n|-boost|p1a: Zamazenta|def|1\n|move|p2a: Rillaboom|Knock Off|p1a: Zamazenta\n|-resisted|p1a: Zamazenta\n|-damage|p1a: Zamazenta|87\/100\n|-enditem|p1a: Zamazenta|Heavy-Duty Boots|[from] move: Knock Off|[of] p2a: Rillaboom\n|-damage|p2a: Rillaboom|66\/100|[from] item: Life Orb\n|\n|-heal|p1a: Zamazenta|93\/100|[from] Grassy Terrain\n|-heal|p2a: Rillaboom|72\/100|[from] Grassy Terrain\n|upkeep\n|turn|8\n|inactive|ALL CHUNG has 120 seconds left.\n|\n|t:|1770179185\n|move|p2a: Rillaboom|Grassy Glide|p1a: Zamazenta\n|-damage|p1a: Zamazenta|61\/100\n|-damage|p2a: Rillaboom|62\/100|[from] item: Life Orb\n|move|p1a: Zamazenta|Ice Fang|p2a: Rillaboom\n|-supereffective|p2a: Rillaboom\n|-damage|p2a: Rillaboom|16\/100\n|\n|-heal|p1a: Zamazenta|67\/100|[from] Grassy Terrain\n|-heal|p2a: Rillaboom|22\/100|[from] Grassy Terrain\n|upkeep\n|turn|9\n|inactive|ALL CHUNG has 120 seconds left.\n|\n|t:|1770179203\n|switch|p1a: Pecharunt|Pecharunt|100\/100\n|move|p2a: Rillaboom|Grassy Glide|p1a: Pecharunt\n|-resisted|p1a: Pecharunt\n|-damage|p1a: Pecharunt|89\/100\n|-damage|p2a: Rillaboom|12\/100|[from] item: Life Orb\n|\n|-heal|p2a: Rillaboom|19\/100|[from] Grassy Terrain\n|-heal|p1a: Pecharunt|95\/100|[from] Grassy Terrain\n|upkeep\n|turn|10\n|\n|t:|1770179220\n|move|p2a: Rillaboom|Knock Off|p1a: Pecharunt\n|-supereffective|p1a: Pecharunt\n|-damage|p1a: Pecharunt|50\/100\n|-enditem|p1a: Pecharunt|Heavy-Duty Boots|[from] move: Knock Off|[of] p2a: Rillaboom\n|-damage|p2a: Rillaboom|9\/100|[from] item: Life Orb\n|move|p1a: Pecharunt|Recover|p1a: Pecharunt\n|-heal|p1a: Pecharunt|100\/100\n|\n|-heal|p2a: Rillaboom|15\/100|[from] Grassy Terrain\n|upkeep\n|turn|11\n|\n|t:|1770179231\n|move|p2a: Rillaboom|Knock Off|p1a: Pecharunt\n|-supereffective|p1a: Pecharunt\n|-damage|p1a: Pecharunt|72\/100\n|-damage|p2a: Rillaboom|5\/100|[from] item: Life Orb\n|move|p1a: Pecharunt|Shadow Ball|p2a: Rillaboom\n|-damage|p2a: Rillaboom|0 fnt\n|faint|p2a: Rillaboom\n|\n|-heal|p1a: Pecharunt|78\/100|[from] Grassy Terrain\n|-fieldend|move: Grassy Terrain\n|upkeep\n|\n|t:|1770179240\n|switch|p2a: Zamazenta|Zamazenta|100\/100\n|-damage|p2a: Zamazenta|76\/100|[from] Spikes\n|-ability|p2a: Zamazenta|Dauntless Shield|boost\n|-boost|p2a: Zamazenta|def|1\n|turn|12\n|\n|t:|1770179250\n|move|p2a: Zamazenta|Psychic Fangs|p1a: Pecharunt\n|-supereffective|p1a: Pecharunt\n|-damage|p1a: Pecharunt|39\/100\n|-damage|p2a: Zamazenta|66\/100|[from] item: Life Orb\n|move|p1a: Pecharunt|Toxic|p2a: Zamazenta\n|-status|p2a: Zamazenta|tox\n|-start|p2a: Zamazenta|confusion|[from] ability: Poison Puppeteer|[of] p1a: Pecharunt\n|\n|-damage|p2a: Zamazenta|60\/100 tox|[from] psn\n|upkeep\n|turn|13\n|\n|t:|1770179263\n|-activate|p2a: Zamazenta|confusion\n|move|p2a: Zamazenta|Psychic Fangs|p1a: Pecharunt\n|-supereffective|p1a: Pecharunt\n|-damage|p1a: Pecharunt|4\/100\n|-damage|p2a: Zamazenta|50\/100 tox|[from] item: Life Orb\n|move|p1a: Pecharunt|Shadow Ball|p2a: Zamazenta\n|-damage|p2a: Zamazenta|28\/100 tox\n|\n|-damage|p2a: Zamazenta|15\/100 tox|[from] psn\n|upkeep\n|turn|14\n|\n|t:|1770179274\n|-end|p2a: Zamazenta|confusion\n|move|p2a: Zamazenta|Psychic Fangs|p1a: Pecharunt\n|-supereffective|p1a: Pecharunt\n|-damage|p1a: Pecharunt|0 fnt\n|faint|p1a: Pecharunt\n|-damage|p2a: Zamazenta|5\/100 tox|[from] item: Life Orb\n|\n|-damage|p2a: Zamazenta|0 fnt|[from] psn\n|faint|p2a: Zamazenta\n|upkeep\n|\n|t:|1770179285\n|switch|p2a: Heatran|Heatran, F|100\/100\n|switch|p1a: Zamazenta|Zamazenta|67\/100\n|-item|p2a: Heatran|Air Balloon\n|turn|15\n|\n|t:|1770179300\n|-terastallize|p2a: Heatran|Ghost\n|move|p1a: Zamazenta|Close Combat|p2a: Heatran\n|-immune|p2a: Heatran\n|move|p2a: Heatran|Magma Storm|p1a: Zamazenta|[miss]\n|-miss|p2a: Heatran|p1a: Zamazenta\n|\n|upkeep\n|turn|16\n|\n|t:|1770179326\n|move|p1a: Zamazenta|Crunch|p2a: Heatran\n|-supereffective|p2a: Heatran\n|-damage|p2a: Heatran|53\/100\n|-enditem|p2a: Heatran|Air Balloon\n|move|p2a: Heatran|Magma Storm|p1a: Zamazenta\n|-damage|p1a: Zamazenta|28\/100\n|-activate|p1a: Zamazenta|move: Magma Storm|[of] p2a: Heatran\n|\n|-damage|p1a: Zamazenta|16\/100|[from] move: Magma Storm|[partiallytrapped]\n|upkeep\n|turn|17\n|inactive|ALL CHUNG has 90 seconds left.\n|\n|t:|1770179346\n|move|p1a: Zamazenta|Crunch|p2a: Heatran\n|-supereffective|p2a: Heatran\n|-damage|p2a: Heatran|11\/100\n|move|p2a: Heatran|Magma Storm|p1a: Zamazenta\n|-damage|p1a: Zamazenta|0 fnt\n|faint|p1a: Zamazenta\n|\n|upkeep\n|\n|t:|1770179363\n|switch|p1a: Gliscor|Gliscor, F|100\/100\n|turn|18\n|\n|t:|1770179385\n|move|p1a: Gliscor|Swords Dance|p1a: Gliscor\n|-boost|p1a: Gliscor|atk|2\n|move|p2a: Heatran|Magma Storm|p1a: Gliscor\n|-damage|p1a: Gliscor|62\/100\n|-activate|p1a: Gliscor|move: Magma Storm|[of] p2a: Heatran\n|\n|-damage|p1a: Gliscor|49\/100|[from] move: Magma Storm|[partiallytrapped]\n|-status|p1a: Gliscor|tox|[from] item: Toxic Orb\n|upkeep\n|turn|19\n|\n|t:|1770179402\n|move|p1a: Gliscor|Knock Off|p2a: Heatran\n|-supereffective|p2a: Heatran\n|-damage|p2a: Heatran|0 fnt\n|faint|p2a: Heatran\n|\n|-heal|p1a: Gliscor|62\/100 tox|[from] ability: Poison Heal\n|-end|p1a: Gliscor|Magma Storm|[partiallytrapped]|[silent]\n|upkeep\n|\n|t:|1770179408\n|switch|p2a: Serperior|Serperior, F|100\/100\n|-damage|p2a: Serperior|76\/100|[from] Spikes\n|turn|20\n|\n|t:|1770179418\n|-terastallize|p1a: Gliscor|Dark\n|move|p2a: Serperior|Leaf Storm|p1a: Gliscor\n|-damage|p1a: Gliscor|15\/100 tox\n|-boost|p2a: Serperior|spa|2\n|move|p1a: Gliscor|Knock Off|p2a: Serperior\n|-damage|p2a: Serperior|5\/100\n|-enditem|p2a: Serperior|Choice Scarf|[from] move: Knock Off|[of] p1a: Gliscor\n|\n|-heal|p1a: Gliscor|27\/100 tox|[from] ability: Poison Heal\n|upkeep\n|turn|21\n|\n|t:|1770179436\n|move|p2a: Serperior|Leaf Storm|p1a: Gliscor\n|-damage|p1a: Gliscor|0 fnt\n|-boost|p2a: Serperior|spa|2\n|faint|p1a: Gliscor\n|\n|upkeep\n|inactive|ALL CHUNG has 60 seconds left.\n|\n|t:|1770179452\n|switch|p1a: Gholdengo|Gholdengo|71\/100\n|turn|22\n|inactive|ALL CHUNG has 60 seconds left.\n|\n|t:|1770179467\n|move|p2a: Serperior|Leaf Storm|p1a: Gholdengo\n|-resisted|p1a: Gholdengo\n|-damage|p1a: Gholdengo|2\/100\n|-boost|p2a: Serperior|spa|2\n|move|p1a: Gholdengo|Hex|p2a: Serperior\n|-damage|p2a: Serperior|0 fnt\n|faint|p2a: Serperior\n|\n|upkeep\n|\n|t:|1770179473\n|switch|p2a: Gholdengo|Gholdengo|100\/100\n|-damage|p2a: Gholdengo|76\/100|[from] Spikes\n|turn|23\n|inactive|ALL CHUNG has 60 seconds left.\n|\n|t:|1770179487\n|switch|p1a: Skarmory|Skarmory, F|47\/100\n|move|p2a: Gholdengo|Shadow Ball|p1a: Skarmory\n|-damage|p1a: Skarmory|0 fnt\n|faint|p1a: Skarmory\n|\n|upkeep\n|\n|t:|1770179498\n|switch|p1a: Blissey|Blissey, F|6\/100\n|turn|24\n|\n|t:|1770179502\n|move|p2a: Gholdengo|Shadow Ball|p1a: Blissey\n|-immune|p1a: Blissey\n|move|p1a: Blissey|Shadow Ball|p2a: Gholdengo\n|-supereffective|p2a: Gholdengo\n|-damage|p2a: Gholdengo|51\/100\n|\n|upkeep\n|turn|25\n|\n|t:|1770179507\n|move|p2a: Gholdengo|Recover|p2a: Gholdengo\n|-heal|p2a: Gholdengo|100\/100\n|move|p1a: Blissey|Shadow Ball|p2a: Gholdengo\n|-supereffective|p2a: Gholdengo\n|-damage|p2a: Gholdengo|77\/100\n|\n|upkeep\n|turn|26\n|\n|t:|1770179517\n|move|p2a: Gholdengo|Focus Blast|p1a: Blissey|[miss]\n|-miss|p2a: Gholdengo|p1a: Blissey\n|move|p1a: Blissey|Shadow Ball|p2a: Gholdengo\n|-supereffective|p2a: Gholdengo\n|-damage|p2a: Gholdengo|53\/100\n|\n|upkeep\n|turn|27\n|\n|t:|1770179528\n|switch|p1a: Gholdengo|Gholdengo|2\/100\n|move|p2a: Gholdengo|Recover|p2a: Gholdengo\n|-heal|p2a: Gholdengo|100\/100\n|\n|upkeep\n|turn|28\n|\n|t:|1770179542\n|move|p1a: Gholdengo|Hex|p2a: Gholdengo\n|-supereffective|p2a: Gholdengo\n|-damage|p2a: Gholdengo|51\/100\n|move|p2a: Gholdengo|Shadow Ball|p1a: Gholdengo\n|-supereffective|p1a: Gholdengo\n|-crit|p1a: Gholdengo\n|-damage|p1a: Gholdengo|0 fnt\n|faint|p1a: Gholdengo\n|\n|upkeep\n|\n|t:|1770179555\n|switch|p1a: Blissey|Blissey, F|6\/100\n|turn|29\n|\n|t:|1770179563\n|move|p2a: Gholdengo|Focus Blast|p1a: Blissey|[miss]\n|-miss|p2a: Gholdengo|p1a: Blissey\n|move|p1a: Blissey|Shadow Ball|p2a: Gholdengo\n|-supereffective|p2a: Gholdengo\n|-damage|p2a: Gholdengo|25\/100\n|\n|upkeep\n|turn|30\n|\n|t:|1770179573\n|move|p2a: Gholdengo|Recover|p2a: Gholdengo\n|-heal|p2a: Gholdengo|75\/100\n|move|p1a: Blissey|Shadow Ball|p2a: Gholdengo\n|-supereffective|p2a: Gholdengo\n|-damage|p2a: Gholdengo|50\/100\n|\n|upkeep\n|turn|31\n|\n|t:|1770179581\n|move|p2a: Gholdengo|Focus Blast|p1a: Blissey\n|-supereffective|p1a: Blissey\n|-damage|p1a: Blissey|0 fnt\n|faint|p1a: Blissey\n|\n|win|to225mi\n|raw|ALL CHUNG's rating: 1408 &rarr; <strong>1388<\/strong><br \/>(-20 for losing)\n|raw|to225mi's rating: 1413 &rarr; <strong>1433<\/strong><br \/>(+20 for winning)\n|c|\u2606ALL CHUNG|gg\n|c|\u2606ALL CHUNG|ttv\/mfabso\n","uploadtime":1770179582,"views":3,"formatid":"gen9ou","rating":1388,"private":0,"password":null}
