{"id": "gen9ou-2532442809", "format": "[Gen 9] OU", "players": ["ALL CHUNG", "dirtkat"], "log": "|j|\u2606ALL CHUNG\n|j|\u2606dirtkat\n|t:|1770177133\n|gametype|singles\n|player|p1|ALL CHUNG|crasherwake|1277\n|player|p2|dirtkat|bugcatcher-gen4dp|1352\n|gen|9\n|tier|[Gen 9] OU\n|rated|\n|rule|HP Percentage Mod: HP is shown in percentages\n|rule|Endless Battle Clause: Forcing endless battles is banned\n|rule|Species Clause: Limit one of each Pok\u00e9mon\n|rule|OHKO Clause: OHKO moves are banned\n|rule|Evasion Items Clause: Evasion items are banned\n|rule|Evasion Moves Clause: Evasion moves are banned\n|rule|Evasion Abilities Clause: Evasion abilities are banned\n|rule|Sleep Moves Clause: Sleep-inducing moves are banned\n|clearpoke\n|poke|p1|Gliscor, M|\n|poke|p1|Ogerpon, F|\n|poke|p1|Walking Wake|\n|poke|p1|Blissey, F|\n|poke|p1|Corviknight, F|\n|poke|p1|Pecharunt|\n|poke|p2|Haxorus, F|\n|poke|p2|Mew|\n|poke|p2|Great Tusk|\n|poke|p2|Wo-Chien|\n|poke|p2|Samurott-Hisui, F|\n|poke|p2|Meloetta|\n|teampreview\n|inactive|Battle timer is ON: inactive players will automatically lose when time's up. (requested by dirtkat)\n|inactive|ALL CHUNG also wants the timer to be on.\n|j| CHUNGMIGHT\n|\n|t:|1770177144\n|teamsize|p1|6\n|teamsize|p2|6\n|start\n|switch|p1a: Gliscor|Gliscor, M|100/100\n|switch|p2a: Meloetta|Meloetta|100/100\n|turn|1\n|\n|t:|1770177154\n|switch|p2a: Mew|Mew, shiny|100/100\n|move|p1a: Gliscor|Toxic|p2a: Mew\n|-status|p2a: Mew|tox\n|-activate|p2a: Mew|ability: Synchronize\n|-status|p1a: Gliscor|tox\n|-enditem|p2a: Mew|Lum Berry|[eat]\n|-curestatus|p2a: Mew|tox|[msg]\n|\n|upkeep\n|turn|2\n|\n|t:|1770177165\n|-terastallize|p1a: Gliscor|Ghost\n|move|p2a: Mew|Ice Beam|p1a: Gliscor\n|-damage|p1a: Gliscor|76/100 tox\n|move|p1a: Gliscor|Spikes|p2a: Mew\n|-sidestart|p2: dirtkat|Spikes\n|\n|-heal|p1a: Gliscor|89/100 tox|[from] ability: Poison Heal\n|upkeep\n|turn|3\n|\n|t:|1770177177\n|switch|p2a: Samurott|Samurott-Hisui, F|100/100\n|-damage|p2a: Samurott|88/100|[from] Spikes\n|move|p1a: Gliscor|Toxic|p2a: Samurott\n|-status|p2a: Samurott|tox\n|\n|-damage|p2a: Samurott|82/100 tox|[from] psn\n|-heal|p1a: Gliscor|100/100 tox|[from] ability: Poison Heal\n|upkeep\n|turn|4\n|\n|t:|1770177188\n|move|p1a: Gliscor|Protect|p1a: Gliscor\n|-singleturn|p1a: Gliscor|Protect\n|move|p2a: Samurott|Ceaseless Edge|p1a: Gliscor\n|-activate|p1a: Gliscor|move: Protect\n|\n|-damage|p2a: Samurott|69/100 tox|[from] psn\n|upkeep\n|turn|5\n|\n|t:|1770177199\n|move|p2a: Samurott|Ceaseless Edge|p1a: Gliscor|[miss]\n|-miss|p2a: Samurott|p1a: Gliscor\n|move|p1a: Gliscor|Spikes|p2a: Samurott\n|-sidestart|p2: dirtkat|Spikes\n|\n|-damage|p2a: Samurott|51/100 tox|[from] psn\n|upkeep\n|turn|6\n|\n|t:|1770177209\n|switch|p2a: Haxorus|Haxorus, F|100/100\n|-damage|p2a: Haxorus|84/100|[from] Spikes\n|-ability|p2a: Haxorus|Mold Breaker\n|move|p1a: Gliscor|Spikes|p2a: Haxorus\n|-sidestart|p2: dirtkat|Spikes\n|\n|upkeep\n|turn|7\n|\n|t:|1770177220\n|switch|p1a: Pecharunt|Pecharunt|100/100\n|-terastallize|p2a: Haxorus|Steel\n|move|p2a: Haxorus|Swords Dance|p2a: Haxorus\n|-boost|p2a: Haxorus|atk|2\n|\n|upkeep\n|turn|8\n|\n|t:|1770177236\n|move|p2a: Haxorus|Scale Shot|p1a: Pecharunt\n|-damage|p1a: Pecharunt|85/100\n|-damage|p1a: Pecharunt|70/100\n|-damage|p1a: Pecharunt|57/100\n|-damage|p1a: Pecharunt|42/100\n|-hitcount|p1a: Pecharunt|4\n|-unboost|p2a: Haxorus|def|1\n|-boost|p2a: Haxorus|spe|1\n|move|p1a: Pecharunt|Foul Play|p2a: Haxorus\n|-damage|p2a: Haxorus|0 fnt\n|faint|p2a: Haxorus\n|\n|upkeep\n|\n|t:|1770177242\n|switch|p2a: Samurott|Samurott-Hisui, F|51/100 tox\n|-damage|p2a: Samurott|26/100 tox|[from] Spikes\n|turn|9\n|\n|t:|1770177253\n|switch|p1a: Corviknight|Corviknight, F|100/100\n|-ability|p1a: Corviknight|Pressure\n|move|p2a: Samurott|Sucker Punch||[still]\n|-fail|p2a: Samurott\n|\n|-damage|p2a: Samurott|20/100 tox|[from] psn\n|upkeep\n|turn|10\n|\n|t:|1770177264\n|move|p2a: Samurott|Ceaseless Edge|p1a: Corviknight\n|-damage|p1a: Corviknight|69/100\n|-sidestart|p1: ALL CHUNG|Spikes\n|move|p1a: Corviknight|U-turn|p2a: Samurott\n|-supereffective|p2a: Samurott\n|-damage|p2a: Samurott|0 fnt\n|faint|p2a: Samurott\n|\n|t:|1770177277\n|switch|p1a: Pecharunt|Pecharunt|42/100|[from] U-turn\n|\n|upkeep\n|\n|t:|1770177281\n|switch|p2a: Great Tusk|Great Tusk|100/100\n|turn|11\n|\n|t:|1770177297\n|move|p1a: Pecharunt|Recover|p1a: Pecharunt\n|-heal|p1a: Pecharunt|92/100\n|move|p2a: Great Tusk|Knock Off|p1a: Pecharunt\n|-supereffective|p1a: Pecharunt\n|-damage|p1a: Pecharunt|68/100\n|-enditem|p1a: Pecharunt|Heavy-Duty Boots|[from] move: Knock Off|[of] p2a: Great Tusk\n|\n|upkeep\n|turn|12\n|-message|dirtkat forfeited.\n|\n|win|ALL CHUNG\n|raw|ALL CHUNG's rating: 1277 &rarr; <strong>1307</strong><br />(+30 for winning)\n|raw|dirtkat's rating: 1352 &rarr; <strong>1328</strong><br />(-24 for losing)\n|l|\u2606dirtkat\n|player|p2|\n|c|\u2606ALL CHUNG|gg\n|c|\u2606ALL CHUNG|ttv/mfabso\n", "uploadtime": 1770177312, "views": 0, "formatid": "gen9ou", "rating": 1307, "private": 1, "password": "l9uegf1gt138iovoeqc4vusa2m63ot4"}